4676 5806
2255 323 2293 382 5

447 547 838 630 ,Υαυοιγένουτ
893 547 1029 631 (qui
1087 547 1408 615 archontis
1469 565 1727 612 munere
1782 546 2034 612 functus
2089 551 2190 611 est
2243 563 2407 611 anno
2460 565 2516 611 a.
2565 544 2711 610 Chr.
2758 566 2817 612 n.
2864 547 3088 626 368s7)
3134 545 3545 628 magistratus
3591 544 3885 610 videntur
3928 542 4126 608 fuisse

445 669 590 734 anni
643 670 802 752 ejuS,
860 669 970 752 qui
1022 669 1302 751 proxime
1357 672 1791 734 antecesserat
1841 665 1966 749 ipsi
2011 665 2180 731 tituli
2225 684 2405 732 anno.
2456 704 2536 713 ·-—-
2582 665 2760 732 VerS.
2811 669 2869 730 9.
2944 666 3178 731 Facere
3222 683 3347 732 non
3392 663 3763 746 poterimuS,
3812 663 3965 745 quin
4007 663 4127 727 hoc

443 792 580 855 loco
643 787 1002 874 ἐμβατεύειν
1061 791 1327 857 verbum
1399 791 1500 873 (ut
1560 789 1814 855 videtur
1890 786 2095 852 forma
2154 786 2413 868 passiva
2472 785 2777 869 positum)
2852 787 3261 869 suppleamus
3323 803 3709 868 quamquam
3775 785 3877 849 vix
3940 783 4131 849 solita

445 911 905 991 significatione
941 911 1397 994 explicandum.
1479 909 1775 975 Fortasse
1822 913 2036 973 autem
2080 911 2334 989 poterat
2379 906 2457 971 de
2502 906 2594 972 eis
2638 905 2951 987 usurpari,
2999 906 3129 989 qui.
3153 905 3484 988 pecuniam
3530 904 3849 988 publicam
3892 904 4129 988 injuste

445 1031 814 1097 viderentur
877 1031 1168 1097 retinere.
1235 1069 1318 1078 --
1381 1030 1558 1096 Vers,
1622 1033 1718 1094 11.
1813 1026 2139 1110 Temporis
2203 1024 2629 1093 definitionem
2700 1025 2803 1091 hic
2871 1031 3250 1108 temptatam
3318 1027 3473 1092 satis
3536 1024 3670 1092 fore
3735 1025 4129 1108 probabilem

447 1171 794 1234 speramus,
844 1189 925 1198 —-
970 1151 1152 1217 vers,
1205 1155 1304 1218 14.
1393 1151 1663 1217 Videtur
1719 1150 1867 1232 pagi
1925 1147 2132 1214 forum
2193 1146 2553 1228 significari.
2602 1183 2685 1194 —-
2728 1145 2909 1211 Vers.
2964 1149 3059 1212 15.
3158 1145 3255 1210 De
3309 1145 3430 1211 hoc
3487 1162 3677 1211 versu
3734 1145 4131 1213 restituendo

447 1272 730 1338 conferas
775 1269 892 1335 CIA
937 1271 1021 1351 11,
1069 1273 1214 1350 578,
1261 1290 1318 1336 v,
1371 1273 1466 1337 18.
1523 1308 1590 1319 --
1637 1269 1816 1337 VerS.
1871 1272 1964 1335 16.
2039 1267 2363 1349 Logistam
2407 1267 2575 1332 inter
2616 1265 3031 1349 magistratus
3076 1265 3371 1348 euthynis
3416 1266 3831 1350 dijudicandis
3879 1271 4128 1333 creatos

446 1410 566 1456 non
613 1389 895 1458 defuisse
941 1408 1054 1473 per
1098 1408 1166 1455 se
1211 1389 1537 1473 probabile
1583 1395 1684 1456 est
1728 1393 2094 1472 comparato
2139 1385 2517 1468 praesertim
2573 1403 2649 1451 eo
2698 1385 2903 1468 titulo,
2960 1387 3141 1452 cuius
3186 1385 3369 1452 modo
3417 1386 3798 1452 mentionem
3842 1385 4127 1455 fecimus,

753 1509 1024 1591 Reliqua
1083 1509 1214 1575 fere
1276 1509 1520 1576 incerta
1587 1514 1756 1576 sunt.
1869 1507 2194 1590 Siquidem
2257 1525 2419 1572 vers,
2492 1509 2589 1572 19.
2657 1503 2858 1590 ταμίαι
2920 1505 3339 1589 supplendum
3402 1510 3502 1571 est
3565 1504 3669 1586 (cf.
3736 1506 3882 1574 lect.
3948 1509 4127 1592 van),

449 1633 710 1697 verbum
770 1628 988 1702 ἐξελεῖν
1045 1649 1170 1696 non
1228 1631 1449 1697 eodem
1503 1629 1690 1696 modo
1749 1633 1964 1715 potest
2017 1626 2314 1713 explicari
2378 1631 2573 1708 atque
2626 1625 2690 1692 in
2753 1625 2941 1692 titulo
2999 1625 3116 1692 Um
3160 1626 3243 1708 11,
3300 1627 3379 1690 57
3387 1629 3445 1710 8,
3503 1643 3663 1692 νει-ε.
3726 1629 3823 1709 16,
3881 1628 3959 1692 de
4004 1647 4131 1710 quo

448 1749 612 1818 infra
655 1748 986 1816 dicendum
1032 1750 1174 1816 erit.

2245 1972 2329 2039 ΙΙ.

757 2111 1060 2177 Videmus
1113 2111 1177 2176 in
1234 2131 1309 2176 eo
1365 2112 1640 2193 decreto,
1699 2112 1778 2178 de
1833 2128 1957 2193 quo
2013 2111 2200 2176 modo
2245 2108 2537 2191 diximuS,
2595 2111 2787 2176 certis
2834 2111 3043 2177 verbis
3088 2111 3387 2195 distingui
3430 2112 3598 2178 inter
3639 2113 3919 2180 rationes
3964 2113 4134 2180 intra

451 2233 658 2316 ipsum
714 2231 1122 2316 magistratus
1174 2232 1339 2315 gesti
1395 2251 1627 2298 annum
1673 2231 2028 2298 reddendas
2071 2239 2258 2316 (vers,
2307 2235 2367 2296 5.
2416 2229 2640 2293 διδόναι
2688 2232 2781 2294 τὸν
2824 2229 3019 2316 λόγον)
3066 2237 3133 2296 et
3176 2231 3507 2315 euthynaS,
3564 2251 3728 2314 quae
3781 2231 4134 2315 posteriore

450 2354 702 2419 demum
756 2371 918 2418 anno
973 2351 1396 2418 instituuntur
1455 2355 1640 2434 (vers,
1697 2355 1792 2418 10.
1840 2370 1933 2434 sq.
1983 2351 2092 2422 τὰς
2139 2349 2207 2416 δὲ
2253 2350 2515 2420 εὐθύνας
2528 2403 2698 2418 .....
2745 2350 2809 2414 ἐν
2854 2349 2940 2436 τῲ
2982 2351 3223 2438 ὑστέρῳ
3264 2348 3383 2416 ἔτει
3427 2351 3590 2436 κτλ).
3680 2353 3903 2434 Neque
3948 2351 4134 2418 aliter

447 2480 660 2541 actum
719 2492 860 2540 esse
914 2474 993 2539 de
1045 2473 1249 2556 ipsius
1303 2472 1396 2538 rei
1450 2473 1738 2557 publicae
1791 2473 2274 2555 magistratibus
2329 2479 2433 2538 sat
2484 2475 2705 2537 notum
2759 2475 2877 2538 est.
2988 2470 3167 2538 Sicut
3213 2472 3381 2538 enim
3434 2473 3931 2556 uniuscujusque
3986 2472 4133 2538 anni

447 2613 696 2660 menses
758 2593 1026 2660 extremi
1081 2593 1262 2658 novis
1321 2593 1804 2676 magistratibus
1858 2592 2164 2676 eligendis
2217 2592 2685 2675 sortiendisque
2730 2592 3031 2660 destinati
3076 2598 3276 2676 erant,
3342 2594 3435 2660 ita
3477 2594 3735 2659 ineunte
3780 2611 3963 2675 auno,
4024 2593 4134 2676 qui

449 2715 634 2780 modo
697 2732 960 2779 munera
1027 2713 1472 2794 deposuerant,
1535 2732 1798 2780 examen
1861 2713 1939 2779 de
2002 2714 2193 2780 rebus
2259 2733 2302 2780 a
2364 2731 2433 2778 se
2488 2713 2686 2796 gestis
2740 2712 3057 2796 subibant,
3122 2713 3313 2795 idque
3368 2711 3824 2796 significatione
3879 2713 4135 2796 propria

451 2833 1020 2917 antiquissimaque
1078 2830 1360 2896 εὔθυναι1
1419 2834 1882 2901 nominabatur.
1973 2835 2207 2900 Omnes
2266 2833 2678 2917 magistratus
2725 2833 2973 2899 Atticos
3026 2832 3174 2898 huic
3230 2833 3504 2900 examini
3548 2833 3871 2918 subjectos
3916 2831 4132 2917 fuisso,

454 2954 644 3020 etiam
691 2952 854 3037 illos,
901 2953 1012 3037 qui
1057 2954 1386 3037 pecuniam
1433 2954 1746 3036 publicam
1791 2954 2029 3020 nullam
2075 2954 2711 3037 administravissent,
2768 2955 3067 3037 itemque,
3122 2955 3505 3039 quicumque
3551 2955 3773 3038 quovis
3820 2954 4007 3021 modo
4053 2956 4134 3021 ad

451 3094 584 3141 rem
630 3074 950 3158 publicam
994 3072 1432 3153 accessissent,
1480 3074 1572 3139 ita
1607 3073 1957 3156 titulorum,
2006 3079 2349 3157 oratorum,
2396 3075 2951 3157 grammaticorum
2988 3076 3371 3143 testimoniis
3406 3076 3572 3143 inter
3608 3095 3825 3144 omnes
3862 3082 4129 3160 constat,

449 3201 526 3261 ut
569 3197 646 3262 de
691 3196 808 3261 hac
853 3215 922 3260 re
967 3213 1091 3260 non
1139 3194 1410 3278 amplius
1449 3194 1644 3260 verba
1687 3194 1868 3261 nobis
1912 3192 2204 3261 facienda
2247 3194 2392 3260 sint.

759 3313 923 3380 Illud
978 3314 1183 3380 solum
1239 3333 1362 3379 non
1418 3314 1836 3381 omittendum
1881 3314 2150 3396 videtur,
2209 3314 2402 3381 etiam
2460 3322 2785 3384 senatores
2830 3319 3112 3401 singulos
3156 3321 3377 3387 eodem
3425 3339 3499 3386 ac
3546 3326 3791 3387 ceteros
3840 3320 4024 3386 modo
4070 3320 4133 3385 iu

450 3436 874 3519 euthynarum
919 3452 1180 3501 examen
1225 3452 1366 3499 esse
1412 3435 1736 3501 deductos.
1825 3436 2034 3517 Negat
2087 3435 2252 3500 enim
2305 3434 2424 3503 hoc
2468 3437 2868 3505 Hei-mannus
2914 3438 3037 3524 (ed.
3085 3439 3193 3522 VI,
3240 3461 3299 3525 p.
3346 3440 3524 3523 479‚2
3568 3442 3741 3524 488),
3798 3440 3905 3522 qui
3951 3458 4134 3507 sena-

451 3562 661 3623 torum
707 3556 986 3622 rationes
1033 3553 1507 3637 angustioribus
1551 3553 1781 3621 finibus
1827 3555 2334 3639 circumscriptas
2380 3556 2579 3625 fuisse
2624 3560 2966 3643 contendit,
3026 3560 3117 3625 ita
3165 3559 3439 3643 quidem,
3488 3566 3563 3625 ut
3605 3560 3837 3626 famam
3885 3566 4131 3627 tantum

451 3676 682 3741 malam
739 3675 930 3741 rebus
993 3692 1114 3739 non
1177 3674 1338 3740 bene
1393 3672 1609 3755 gestis,
1673 3692 1797 3739 non
1855 3693 2121 3757 poenam
2181 3678 2491 3744 meruisse
2553 3678 2819 3762 putandi
2876 3680 3023 3745 sint.
3130 3678 3311 3758 Quod
3372 3696 3539 3763 vern,
3604 3698 3731 3762 quo
3795 3696 3948 3746 usus
4010 3686 4130 3764 est,

451 3796 794 3862 Andocidis
853 3794 992 3860 loco
1050 3793 1322 3877 probare
1379 3812 1504 3859 non
1561 3794 1825 3878 poterit;
1884 3813 2031 3862 nam
2087 3796 2209 3863 etsi
2264 3799 2537 3865 oratoris
2581 3800 2791 3866 verbis
2846 3818 2967 3865 non
3022 3800 3259 3865 diserte
3318 3799 3676 3866 declaratur
3733 3800 4132 3867 senatoribus

451 3915 1008 4001 praevaricationis
1055 3932 1322 3996 poenam
1368 3913 1564 3981 fuisse
1609 3915 2161 4000 extimescendam,
2211 3923 2424 3984 tamen
2467 3918 2533 3985 id
2578 3925 2863 3987 statuere
2908 3920 3147 3986 eisdem
3184 3922 3393 3988 verbis
3441 3927 3613 3988 certe
3658 3940 3782 3987 non
3818 3927 4127 3991 vetamur.

761 4176 779 4209 1
815 4171 897 4226 De
946 4172 1244 4226 rationibus
1289 4169 1577 4226 reddendis
1626 4169 1836 4225 εὔθυναι
1884 4172 2084 4241 plurali
2133 4188 2345 4244 semper
2394 4176 2539 4245 quod
2588 4178 2755 4232 sciam
2798 4194 3020 4233 numero
3066 4182 3385 4248 usurpatum
3430 4184 3528 4247 est,
3574 4193 3695 4235 cum
3732 4178 3925 4233 εὔθυνα
3961 4180 4133 4236 multa

453 4277 634 4347 potius
657 4278 728 4331 sit
753 4276 836 4331 vel
861 4276 1074 4331 omnino
1101 4290 1276 4345 poena
1300 4275 1358 4330 in
1381 4273 1582 4329 talibus
1616 4274 1846 4343 aliisque
1882 4276 2059 4331 causis
2092 4278 2361 4349 imposita.
2420 4279 2597 4349 Igitur
2630 4278 2853 4334 εὔθυναν
2886 4282 3110 4350 ὀφείλειν
3144 4281 3407 4350 scriptum
3444 4282 3739 4339 invenimus
3764 4282 3905 4353 (Lys.
3932 4282 4000 4352 X,
4036 4286 4131 4353 2⁷3

452 4379 548 4447 XI,
585 4382 654 4449 9),
701 4394 991 4448 numquam
1037 4393 1164 4431 vero
1199 4376 1421 4430 εὔθυναν
1456 4378 1663 4431 διδόναι.
1734 4376 1918 4432 Minus
1951 4378 2163 4434 videtur
2211 4381 2413 4437 usitata
2455 4382 2619 4437 fuisse
2666 4398 2733 4439 ea
2782 4382 2997 4438 dicendi
3030 4384 3189 4453 ratio,
3236 4400 3344 4453 qua
3378 4384 3544 4439 Arist.
3584 4383 3707 4438 Πολ.
3747 4386 3846 4441 Ἀθ.
3884 4387 3967 4439 48.
4004 4400 4135 4441 usus

454 4488 554 4536 est:
601 4478 822 4535 εὕθυνάν
869 4502 957 4535 τινι
1005 4480 1344 4547 ἐμβαλέσθαι
1393 4480 1473 4549 (ἄν
1507 4482 1550 4533 τ’
1587 4481 1716 4533 ἰδίαν
1764 4480 1826 4533 ἄν
1874 4500 1930 4533 τε
1979 4484 2278 4553 &quocica-‚ek
2331 4501 2457 4541 nam
2505 4502 2644 4555 quae
2680 4490 2826 4559 apud
2867 4488 3145 4557 Aristoph.
3182 4488 3436 4557 leguntur
3471 4489 3626 4559 (Aah.
3665 4491 3793 4549 6492
3847 4489 4133 4564 ἐμβάλλειν

455 4585 558 4636 τινὰ
592 4586 649 4643 ἐς
682 4586 913 4653 γραφάς)
958 4585 1046 4639 vix
1096 4589 1222 4653 apte
1265 4583 1498 4638 conferri
1545 4591 1784 4653 possunt.
1855 4584 2042 4639 Malim
2091 4586 2170 4641 ita
2206 4594 2517 4643 convertere
2552 4590 2608 4644 in
2645 4604 2939 4645 sermonem
2979 4591 3235 4647 latinum:
3286 4608 3515 4663 poenam
3550 4598 3803 4663 expetere
3839 4591 3908 4648 ab
3945 4594 4129 4663 aliquo

456 4686 522 4740 de
555 4686 716 4743 rebus
751 4688 860 4743 sive
894 4689 1120 4757 privatis
1155 4688 1263 4742 sive
1299 4687 1548 4757 publicis.

763 4794 785 4825 2
821 4791 967 4854 „Aua
1004 4790 1100 4845 der
1137 4787 1690 4859 Gegenuberstellung
1725 4790 1820 4845 des
1843 4790 2009 4847 Rates
2045 4792 2154 4847 und
2192 4792 2288 4849 der
2312 4782 2876 4866 Volksversainmlung
2911 4798 3000 4851 bei
3023 4798 3230 4853 Andoc.
3268 4800 3339 4869 ΙΙ,
3380 4802 3455 4854 19.
3496 4803 3544 4855 οἱ
3574 4803 3673 4866 μέν
3705 4820 3769 4872 γε
3806 4803 3981 4877 σχολῇ
4016 4802 4134 4871 περὶ

453 4901 551 4947 τῶν
600 4894 1078 4964 εἰσαγγελλομένων
1123 4898 1446 4958 σκοποῦνται,
1493 4895 1714 4966 ὑπάρχει
1758 4914 1816 4948 τε
1855 4897 2045 4963 αὐτοῖς,
2093 4898 2184 4949 ἐάν
2229 4916 2274 4950 τι
2309 4898 2751 4969 ἐξαμαρτάνωσιν,
2801 4900 2964 4953 αἰτίαν
2998 4901 3139 4971 ἔχειν
3172 4903 3255 4955 καὶ
3291 4902 3446 4973 λόγον
3480 4904 3697 4975 αἰσχρὸν
3733 4906 3789 4957 ἐκ
3824 4910 3925 4958 τῶν
3960 4904 4131 4959 ἄλλων

455 4997 685 5051 πολιτῶν·
721 4996 832 5059 ὑμῖν
868 4996 928 5049 δὲ
963 4997 1056 5049 οὐκ
1091 4998 1214 5051 εἰσὶν
1257 4999 1442 5068 ἕτεροι,
1491 4998 1578 5066 ὑφ’
1616 4998 1686 5051 ὧν
1731 5000 1894 5054 αἰτίαν
1930 5000 1990 5053 ἄν
2027 5000 2202 5072 ἔχοιτε
2237 5008 2336 5057 etc.
2375 5003 2505 5071 geht
2539 5003 2750 5071 hervet,
2794 5004 2919 5059 dass
2956 5003 3052 5059 der
3086 5005 3195 5060 Rat
3230 5022 3335 5061 nur
3368 5006 3658 5062 moraliscb
3692 5008 4131 5065 verantwortlich

455 5100 569 5155 sein
603 5099 786 5169 sollte3
827 5098 1152 5168 keineswegs
1185 5102 1320 5157 lasst
1355 5100 1474 5156 sich
1509 5102 1608 5156 mit
1644 5103 1968 5173 Schemann,
2003 5106 2224 5173 Antiqu.
2264 5106 2373 5175 jur.
2415 5108 2531 5175 212,
2577 5122 2675 5163 aus
2710 5107 3097 5163 Demosthenes
3119 5108 3297 5177 XXII,
3336 5112 3401 5163 38
3438 5111 3556 5166 eine
3584 5110 3901 5179 juristische
3936 5114 4129 5183 εὐθύνη

458 5202 510 5264 (l.
547 5201 758 5273 εὔθυνα)
797 5201 1055 5271 ableiten3
1102 5202 1359 5259 vielmehr
1393 5212 1606 5261 mussan
1642 5206 1729 5261 die
1766 5206 2003 5262 daselbst
2039 5216 2338 5277 genannten
2377 5210 2644 5265 Buleuten
2680 5225 2863 5278 vogen
2896 5210 3237 5281 besonderer,
3286 5212 3450 5267 ihnen
3486 5212 3705 5282 speziell
3742 5213 4131 5287 ubertragener

460 5304 900 5375 Obliegenheiten
936 5323 1033 5361 zur
1069 5306 1470 5365 Rechenschaft
1505 5309 1845 5380 verpflichtet
1880 5326 2116 5379 gewesen
2153 5313 2300 5369 sein“
2337 5330 2383 5371 e.
2422 5331 2472 5383 q.
2508 5328 2549 5368 s.
2575 5312 2845 5377 ‚Similiter
2872 5314 3089 5386 ,iudicat
3122 5315 3251 5373 wil.
3287 5316 3331 5385 I,
3368 5319 3483 5375 203.
