4676 5806
2317 291 2397 352 14

511 509 944 578 accusarent.¹
1033 508 1364 576 Accusatis
1417 513 1630 576 autem
1677 509 2160 592 magistratibus
2215 510 2449 576 licebat
2492 511 2628 578 siue
2672 510 2862 577 dubio
2909 510 3128 576 statim
3180 530 3249 576 se
3295 509 3657 592 defenderc3
3712 510 3821 592 qui
3867 525 4013 574 vero
4061 525 4184 572 non

513 630 795 711 aderant,
853 629 912 696 ei
957 635 1129 696 certo
1175 629 1605 696 contumaciae
1649 649 1851 712 poena
1896 629 2348 697 afficiebantur.
2372 630 2398 674 2

819 767 916 832 De
975 766 1131 849 ipsis
1189 767 1700 834 accusationibus
1766 767 1832 833 in
1903 767 2014 832 illa
2071 769 2490 850 euthynarum
2551 769 2800 835 actione
2856 769 3112 835 usitatis
3171 770 3373 852 deque
3430 769 3650 852 poenis
3710 767 4185 850 magistratibus

512 886 937 970 hypeuthynis
987 886 1351 954 constitutis
1403 888 1638 954 certius
1693 888 2018 971 aliquanto
2070 887 2362 971 judicare
2412 889 2595 954 nobis
2649 889 2816 956 licet.
2906 891 3229 972 Utrasque
3284 889 3468 970 enim,
3525 893 3592 954 et
3634 887 4074 954 accusationes
4118 891 4187 950 et

515 1026 770 1091 poenaS,
831 1026 991 1090 quas
1055 1011 1338 1074 statuere
1393 1007 1682 1092 judicum
1743 1013 1900 1092 erat,
1963 1009 2152 1073 certis
2209 1008 2421 1091 legum
2480 1009 2711 1075 linibus
2770 1009 3276 1092 circumscriptas
3334 1009 3531 1074 fuisse
3588 1007 3953 1073 Aristotelis
4015 1003 4187 1088 (Πολ.

513 1126 636 1196 Ἀθ.
683 1128 812 1212 54.)
871 1127 1081 1194 verbis
1135 1127 1460 1209 evincitur,
1516 1127 1682 1193 unde
1736 1128 2051 1210 cognitum
2107 1126 2434 1212 habemus,
2489 1131 2615 1195 tria
2668 1130 2918 1195 omnino
2977 1129 3304 1195 criminum
3360 1148 3593 1211 genera
3634 1127 3917 1210 legitima
3960 1125 4184 1192 fuisse:

513 1249 750 1334 κλοπῆς,
809 1246 1056 1332 δώρων,
1116 1246 1362 1312 ἀδικίου.
1465 1247 1772 1314 Omnibus
1831 1247 1954 1313 illis
2015 1248 2379 1316 criminibus
2448 1248 2685 1316 multae
2740 1249 3175 1316 tantummodo
3226 1253 3511 1316 statutae
3566 1253 3773 1329 erant,
3836 1246 4009 1312 nulla
4062 1246 4189 1312 alia

513 1387 717 1450 poena
773 1367 948 1450 (Wil.
992 1367 1076 1450 II,
1131 1367 1306 1450 232).
1411 1367 1574 1434 Nam
1637 1367 1746 1450 qui
1808 1369 2138 1450 pecuniam
2199 1369 2515 1451 publicam
2578 1389 2690 1452 per
2752 1368 3039 1436 fraudem
3103 1371 3167 1434 in
3228 1387 3414 1435 suum
3475 1387 3659 1434 usum
3724 1373 4183 1448 converterant,

511 1488 726 1575 κλοπῆς
778 1487 1060 1555 accusati
1118 1507 1366 1554 summa
1426 1487 1788 1570 decemplici
1847 1487 2061 1554 delicti
2119 1489 2219 1553 sui
2274 1507 2511 1571 poenas
2568 1490 2845 1556 luebant.
2935 1488 3254 1573 Similiter,
3315 1490 3423 1571 qui
3474 1489 3741 1572 pecunia
3790 1490 3897 1571 jus
3940 1487 4185 1552 adulte-

513 1613 826 1689 raverant,
888 1606 979 1672 eis
1038 1607 1401 1689 decemplex
1459 1606 1724 1688 pecunia
1777 1607 1907 1691 illa,
1967 1625 2095 1689 qua
2152 1613 2333 1673 erant
2390 1611 2609 1691 empti,
2668 1609 2971 1675 solvenda
3024 1615 3179 1674 erat.
3260 1609 3393 1688 -Qui
3434 1613 3647 1674 autem
3693 1626 3817 1673 non
3862 1613 3992 1672 tam
4040 1607 4183 1674 dolo

513 1726 680 1792 malo
739 1745 927 1808 quam
986 1726 1388 1808 neglegentia
1444 1726 1845 1809 deliquerant
1887 1726 2144 1810 aliquid,
2205 1747 2330 1810 quo
2374 1729 2467 1795 rei
2510 1729 2803 1812 publicae
2860 1730 3155 1796 damnum
3215 1747 3357 1794 esse
3400 1728 3647 1794 illatum
3684 1727 4039 1808 videbatur,
4095 1725 4187 1792 eis

513 1847 716 1913 multa
749 1846 1015 1930 simplex
1051 1851 1298 1912 statuta
1333 1851 1489 1912 erat.
1563 1847 1906 1913 Praeterea
1939 1847 2080 1930 lege
2125 1853 2265 1914 erat
2309 1850 2641 1932 sancitum,
2688 1856 2762 1916 ut
2806 1849 3121 1932 simplices
3166 1849 3422 1932 multae,
3468 1848 3592 1915 uisi
3636 1853 3783 1914 ante
3828 1847 4185 1930 prytauiam

513 1986 742 2034 nonam
799 1967 1055 2034 solutae
1107 1972 1348 2048 essent,
1406 1967 1902 2050 duplicarentur,
1960 1967 2129 2049 quod
2175 1987 2301 2034 non
2357 1969 2626 2035 cadebat
2677 1969 2740 2034 in
2794 1970 3033 2036 multas
3088 1969 3519 2052 decemplices.
3610 1965 3836 2033 Omnia
3877 1967 4057 2044 haec,
4112 1971 4185 2030 ut

512 2088 680 2153 inter
732 2105 802 2153 se
854 2086 1208 2167 concinunt,
1263 2085 1356 2164 ita
1401 2087 1634 2169 optime
1681 2087 1974 2152 videntur
2018 2088 2353 2153 convenire
2398 2107 2539 2153 cum
2588 2094 2724 2155 tota
2766 2089 2875 2155 illa
2918 2090 3337 2173 eutbynarum
3382 2090 3647 2172 ratione,
3701 2087 3781 2154 de
3826 2105 3952 2169 qua
3996 2104 4185 2168 supra

511 2207 813 2289 diximus;
868 2207 932 2272 in
978 2224 1055 2271 ea
1098 2205 1263 2272 enim
1309 2208 1580 2272 maxime
1623 2208 1934 2289 agebatur
1978 2208 2057 2273 de
2103 2207 2519 2292 detrimentis,
2568 2210 2797 2291 quibus
2840 2211 3331 2292 magistratuum
3380 2210 3566 2292 culpa
3608 2208 3879 2292 populus
3924 2206 4187 2272 affectus

511 2334 669 2393 erat.
759 2326 1149 2410 Supplicium
1207 2327 1404 2408 igitur
1461 2333 1526 2394 et
1579 2327 1805 2411 capitis
1865 2327 2211 2394 deminutio
2265 2329 2346 2393 ab
2402 2329 2514 2394 illa
2565 2329 2813 2394 actione
2857 2347 3117 2413 prorsus
3162 2318 3367 2395 aliena
3410 2328 3651 2410 erant,³
3711 2346 3911 2410 eaque
3956 2326 4183 2407 omnia,

514 2465 676 2528 quae
731 2448 810 2511 de
864 2447 1200 2528 peculatus
1255 2447 1461 2512 causis
1517 2447 1856 2512 traduntur
1915 2448 1994 2512 ab
2050 2447 2408 2514 oratoribus
2464 2466 2615 2513 sane
2658 2448 2827 2513 inter
2870 2467 2942 2514 se
2986 2467 3455 2531 nonnumquam
3500 2447 3865 2532 pugnantia,
3922 2446 4001 2512 ad
4047 2464 4185 2511 eam

515 2567 810 2632 videntur
861 2567 1282 2649 euthynarum
1335 2565 1600 2632 formam
1654 2567 1991 2650 pertinere,
2047 2568 2127 2634 de
2180 2586 2308 2650 qua
2361 2566 2523 2633 infra
2576 2587 2795 2634 sumus
2849 2569 3140 2636 dicturi.⁴
3229 2570 3403 2648 Quae
3447 2588 3588 2634 cum
3631 2569 3725 2634 ita
3769 2567 3913 2649 sint,
3974 2571 4189 2632 errant

513 2687 682 2752 haud
742 2687 949 2770 dubie,
1009 2687 1119 2769 qui
1176 2687 1443 2769 logistas
1506 2687 1748 2772 γραφὰς
1801 2687 2016 2773 κλοπῆς
2065 2687 2167 2755 vel
2224 2687 2445 2773 δώρων
2501 2688 2876 2755 instruxisse
2932 2693 3175 2770 putent.
3274 2687 3527 2772 (Busolt
3578 2709 3638 2771 p.
3695 2691 3839 2755 226.
3938 2687 4190 2752 Gilbert

515 2829 573 2890 p.
613 2809 782 2891 252).
864 2807 1026 2874 Nam
1063 2805 1531 2889 compendiaria
1564 2805 1674 2872 illa
1710 2825 1783 2872 ac
1820 2825 2121 2888 praesens
2158 2808 2236 2873 de
2281 2808 2761 2890 magistratibus
2806 2809 2973 2875 actio
3021 2813 3261 2895 γραφῆς
3298 2807 3547 2874 nomine
3593 2806 3903 2892 appellari
3946 2806 4187 2888 nequit.

515 2929 598 2994 Et
660 2932 912 3012 praeter
973 2927 1252 2993 rationes
1316 2926 1802 3008 magistratuum
1865 2927 2413 3012 hypeuthynarum
2488 2929 2658 2996 intra
2726 2936 2970 2997 certum
3042 2929 3346 3012 temporis
3414 2929 3691 3013 spatium
3752 2926 4190 3012 dijudicandas

515 3049 736 3117 dubito
779 3068 858 3115 an
905 3048 1031 3115 alia
1075 3047 1247 3115 nulla
1288 3048 1523 3113 fuerint
1565 3046 1936 3131 logistarum
1980 3066 2559 3132 synegororumque
2603 3050 2874 3133 negotia.
2965 3050 3310 3133 Propterea
3354 3050 3549 3116 etiam
3596 3066 3822 3115 causas
3865 3048 4187 3113 rationum

515 3190 638 3237 non
683 3169 1072 3237 rcdditarum
1120 3168 1315 3253 (δίκας
1355 3168 1455 3233 vel
1501 3168 1714 3251 potius
1761 3168 2007 3255 γραφὰς·
2045 3170 2308 3253 ἀλογίου)
2359 3171 2441 3237 ad
2485 3171 2947 3239 thesmothetas
3004 3189 3193 3253 quam
3240 3171 3319 3236 ad
3362 3170 3627 3252 legistas
3672 3167 3907 3235 referre
3952 3167 4186 3235 malim.

507 3293 638 3383 ‘Sed
683 3291 763 3358 de
806 3292 925 3357 hac
969 3308 1038 3355 re
1081 3289 1240 3356 certi
1284 3287 1628 3371 quidquam
1675 3294 1960 3355 statuere
2003 3308 2126 3355 non
2169 3290 2407 3358 licebit.

821 3430 1036 3494 Pauca
1095 3428 1229 3494 sed·
1265 3446 1342 3494 ea
1391 3427 1827 3493 memorabilia
1879 3427 1943 3492 iu
1999 3425 2253 3493 decreto
2311 3427 2455 3494 circ.
2506 3428 2583 3494 ol.
2634 3430 2731 3494 84.
2780 3428 2859 3493 de
2912 3427 3146 3494 colonis
3200 3428 3265 3493 in
3310 3427 3629 3495 Euboeam
3686 3426 3976 3492 deductis
4022 3426 4188 3491 facto

513 3552 811 3633 leguntur
864 3548 1008 3634 (Cu.
1053 3548 1102 3631 Ι,
1149 3549 1281 3631 29).
1372 3546 1810 3628 Comperimus
1868 3546 2054 3627 enim,
2114 3546 2427 3628 siquidem
2472 3566 2633 3614 vers,
2687 3550 2783 3613 12.
2844 3552 3015 3613 recte
3074 3547 3411 3614 restitutus
3471 3553 3587 3628 est,
3648 3548 3928 3613 rationes
3990 3546 4185 3628 magi-

515 3670 823 3737 stratibus
885 3670 949 3734 in
1011 3669 1151 3751 ipsa
1211 3674 1383 3734 terra
1435 3665 1871 3733 Hestiaeotide
1929 3664 2283 3732 reddendas
2344 3665 2558 3749 fuisse,
2622 3667 2716 3732 ita
2776 3672 3006 3748 tamen,
3073 3672 3145 3733 ut
3204 3686 3308 3733 res
3367 3668 3689 3750 graviores
3746 3668 3837 3751 (id
3890 3666 4059 3749 quod
4111 3684 4188 3731 ex

516 3790 805 3856 versibus
871 3787 1169 3854 extremis
1232 3792 1445 3869 potest
1506 3786 1822 3869 concludi)
1877 3786 2198 3867 judicibus
2265 3786 2495 3852 Atticis
2558 3794 3051 3854 reservarentur.
3155 3788 3336 3867 Quod
3398 3807 3539 3853 cum
3602 3788 3696 3853 ita
3758 3788 3859 3868 sit,
3926 3787 4189 3853 dubium

514 3911 716 3977 videri
768 3912 998 3992 potest,
1059 3926 1206 3973 num
1262 3904 1508 3969 εὔθυναι
1560 3906 1624 3971 in
1669 3905 1998 3973 notissimo
2053 3906 2159 3973 illo
2204 3908 2284 3973 de
2328 3906 2845 3974 Chalcidensibus
2900 3909 3152 3973 decreto
3202 3906 3348 3991 (cm
3392 3908 3499 3990 IV,
3550 3911 3629 3973 27
3643 3910 3706 3991 a)
3752 3908 3834 3974 ad
3878 3908 4187 3991 euthynas

515 4029 733 4095 referri
781 4028 1044 4113 possint.
1135 4026 1259 4093 Sed
1303 4026 1465 4092 hanc
1510 4046 1644 4093 rem
1690 4032 1951 4109 tangere
1993 4046 2156 4093 nunc
2200 4047 2326 4093 non
2370 4030 2593 4095 audeo.

768 4242 830 4247 .-.-
902 4238 1136 4247 ---——-—---

823 4390 841 4423 ¹
877 4388 1160 4443 Hominem
1206 4386 1418 4441 isotelia
1463 4384 1770 4455 praeditum
1815 4385 1872 4439 in
1917 4385 2015 4439 tali
2061 4400 2119 4439 re
2166 4392 2535 4440 accusatorem
2583 4386 2745 4441 fuisse
2795 4388 2952 4443 docet
2996 4389 3214 4457 Lipsius
3259 4388 3372 4444 Att.
3420 4387 3573 4443 Proc.
3624 4390 3740 4455 257,
3786 4405 3837 4442 n.
3891 4391 4003 4447 148.
4086 4384 4188 4442 Sed

521 4498 734 4547 exteros
770 4506 981 4560 quoque
1018 4496 1362 4545 accusatores
1397 4488 1656 4546 admissos
1691 4503 1806 4544 esse
1842 4487 2173 4543 demonstrat
2205 4489 2357 4544 Dem.
2392 4488 2541 4558 XIX,
2578 4492 2666 4543 81:
2716 4488 2849 4541 ἀλλὰ
2879 4491 2979 4559 μὴν
3016 4491 3047 4541 ὅ
3079 4508 3145 4559 γε
3189 4492 3355 4559 δῆμος
3385 4492 3415 4542 ὁ
3460 4496 3557 4543 τῶν
3596 4488 3817 4542 Φωκέων
3852 4490 3989 4542 οὕτω
4024 4496 4195 4548 κακῶς

514 4596 598 4648 καὶ
633 4595 866 4655 ἐλεεινῶς
901 4596 1159 4657 διάκειται,
1195 4594 1328 4654 ὥςτε
1359 4594 1436 4663 μὴ
1471 4594 1584 4662 περὶ
1620 4596 1712 4645 τοῦ
1746 4595 2048 4661 κατηγορεῖν
2083 4592 2175 4651 τὰς·
2209 4588 2463 4662 Ἀθήνησιν
2499 4593 2723 4652 εὐθύνας·
2756 4592 2881 4645 εἶναι
2918 4594 2999 4645 τὸν
3036 4592 3203 4662 λόγον.

823 4718 844 4751 2
880 4714 954 4769 Cf.
996 4714 1164 4785 [hys]
1201 4713 1323 4781 XX,
1361 4715 1440 4768 18.
1479 4712 1566 4784 (de
1601 4713 1874 4781 prioribus
1909 4711 2202 4783 Polystrati
2238 4712 2521 4781 euthynis).

822 4838 844 4871 ⁸
880 4835 1036 4905 Quod
1071 4835 1199 4891 wil.
1235 4836 1307 4904 11,
1343 4838 1458 4890 237.
1505 4834 1810 4905 suspicatus
1854 4840 1949 4903 est,
1987 4833 2341 4889 Athenienses
2384 4848 2781 4902 nonnumquam
2827 4832 3034 4901 legibus
3070 4834 3331 4901 neglectis
3366 4834 3525 4888 etiam
3564 4832 3617 4888 in
3654 4834 3903 4902 euthynis
3940 4848 4184 4901 compen-

517 4940 704 4995 diariis
739 4939 1010 5010 supplicia
1047 4939 1358 5007 decrevisse,
1393 4938 1510 5007 ejus
1544 4938 1626 4992 rei
1661 4942 1804 4993 certe
1839 4937 2046 4992 nullum
2081 4942 2257 4991 exstat
2291 4936 2607 5006 exemplum.

821 5062 843 5095 ⁴
879 5060 1104 5127 Contra,
1163 5074 1304 5127 quae
1353 5056 1742 5113 Demosthenes
1800 5057 1866 5113 de
1919 5057 2091 5112 Gallia
2149 5062 2340 5112 narrat
2391 5056 2540 5127 (XX,
2594 5058 2738 5112 273:.
2772 5060 2957 5127 μικροῦ
3013 5057 3109 5121 μὲν
3161 5056 3498 5125 ἀπέκτειναν),
3561 5057 3690 5125 quin
3746 5056 3815 5111 ad
3869 5054 4188 5126 εῖςαγγελίαν

516 5162 800 5217 referenda
845 5161 969 5228 sint,
1015 5160 1195 5215 nullus
1242 5159 1447 5227 dubito,
1495 5165 1643 5213 certe
1688 5176 1798 5214 non
1841 5160 1914 5214 ad
1961 5160 2242 5229 euthynas,
2292 5176 2520 5229 quarum
2564 5165 2753 5229 postea
2796 5161 3007 5215 demum
3051 5160 3247 5216 mentio
3291 5158 3355 5215 fit
3398 5161 3469 5233 (ἐν
3506 5162 3565 5216 δὲ
3602 5164 3715 5221 ταῖς
3747 5160 3989 5220 εὐθύναις
4020 5159 4190 5230 πεντή-

513 5286 666 5320 κοντα
703 5265 991 5336 ἐπράξαντο
1027 5264 1286 5334 τάλαντα).
1363 5263 1610 5333 Quinque
1648 5278 1774 5333 ergo
1813 5262 2030 5318 talentis
2065 5262 2155 5317 ille
2191 5269 2402 5334 emptus
2438 5277 2550 5317 esse
2587 5264 2931 5333 arguebatur.
