4676 5806
2374 303 2413 366 6

2191 387 2271 401 b...-

561 519 646 588 Et
683 529 854 590 recte
893 525 1143 591 videtur
1179 523 1402 591 fecisse
1440 525 1912 592 Schoemannus
1956 526 1996 592 l.
2036 526 2098 607 l.,
2146 526 2316 618 qpod
2362 545 2437 591 ex
2485 526 2609 592 alio
2655 528 2926 610 quodam
2973 526 3111 594 loco
3160 527 3261 610 (cf.
3310 527 3549 611 adnot.)
3595 527 3905 594 conclusit
3948 533 4241 594 senatum

559 644 727 709 sicut
779 648 1024 710 ceteros
1081 645 1490 728 magistratus
1535 645 1598 709 in
1646 645 1754 726 jus
1821 652 2112 711 vocatum
2166 665 2334 725 esse,
2392 647 2581 729 idque
2638 647 2945 730 probatur
2997 648 3185 712 titulo
3252 647 3369 712 cm
3414 647 3497 730 11,
3548 651 3687 728 114,
3735 647 4046 729 siquidem
4094 666 4244 713 vera

561 771 661 831 cst
715 771 935 831 nostra
988 766 1066 830 de
1121 765 1228 831 illo
1283 766 1616 847 sententia,
1674 784 1862 848 quam
1919 784 2112 848 supra
2166 767 2563 849 protulimus,
2628 787 2741 833 nec
2796 768 3003 832 minus
3058 765 3393 833 manifesto
3436 767 3770 834 Aeschinis
3816 767 4239 832 testimonio.¹

560 886 868 952 Omnibus
926 886 1139 968 igitur,
1201 886 1580 968 quicumque
1639 885 1974 972 προσῆλθον
2033 885 2184 970 πρός·
2237 909 2287 948 τι
2348 891 2463 950 τῶν
2517 890 2727 950 κοινῶν
2786 885 3105 971 (Aeschin.
3156 887 3268 968 III,
3317 887 3446 968 22),
3507 886 3723 952 statim
3780 892 3927 968 post
3980 906 4245 953 munera

560 1005 852 1088 deposita
918 1007 1196 1072 rationes
1259 1011 1441 1072 erant
1502 1006 1886 1086 reddendae;
1954 1005 2124 1086 quod
2187 1006 2240 1070 si
2302 1024 2427 1071 non
2488 1005 2794 1088 fecerant,
2866 1006 2957 1071 eis
3022 1006 3369 1072 timendum
3432 1010 3600 1087 erat,
3670 1025 3747 1071 ue
3814 1006 4049 1088 α’λογέυυ
4110 1006 4244 1093 δίκῃ

561 1126 1010 1208 obligarentur.
1102 1125 1227 1192 Sed
1271 1144 1434 1191 nunc
1479 1126 1674 1192 missa
1718 1125 2023 1191 faciamus
2081 1131 2147 1190 et
2205 1126 2383 1208 hanc,
2446 1127 2523 1191 de
2580 1146 2709 1210 qua
2769 1127 2987 1210 paucis
3038 1126 3201 1192 infra
3246 1127 3576 1194 dicendum
3622 1127 3763 1206 erit,
3823 1133 3889 1192 et
3933 1134 4239 1210 angustos

559 1247 766 1330 legum
827 1247 1149 1329 termin0S,
1213 1246 1443 1328 quibus
1505 1247 1918 1329 magistratus
1978 1247 2419 1329 hypeuthynos
2480 1247 2991 1330 circumscriptos
3050 1247 3246 1314 fuisse
3300 1247 3631 1314 Aeschinis
3682 1247 3819 1314 loco
3878 1248 4035 1316 satis
4088 1254 4241 1314 noto

559 1366 701 1448 (ΙΙΙ,
749 1367 857 1446 21)
903 1366 1255 1432 edocemur.
1345 1367 1420 1432 Id
1465 1373 1678 1432 autem
1727 1365 1963 1431 certius
2009 1363 2266 1431 definire
2313 1367 2495 1432 nobis
2538 1366 2745 1448 liceat,
2799 1367 3055 1449 quinam
3100 1367 3511 1450 magistratus
3556 1366 3946 1450 hypeuthyni
3992 1367 4240 1433 intelle·-

558 1487 746 1568 gendi
805 1486 960 1567 sint3
1022 1505 1163 1553 nam
1219 1487 1282 1551 in
1338 1488 1456 1553 hac
1513 1507 1580 1552 re
1633 1487 1905 1552 fortasse
1959 1486 2276 1552 interdum
2332 1505 2372 1551 a
2418 1485 2569 1552 viris
2625 1486 2827 1552 doctis
2873 1492 3151 1552 erratum
3200 1490 3317 1552 est.
3406 1487 3539 1552 Nos
3582 1486 4025 1570 hypeuthynos
4071 1486 4241 1551 solos

557 1625 668 1674 eos
723 1606 1162 1689 intellegimus,
1221 1607 1328 1689 qui
1381 1607 1759 1689 magistratu
1815 1606 2088 1673 abierint
2141 1606 2407 1672 necdum
2461 1607 2526 1671 in
2577 1607 2887 1691 judicium
2936 1606 3191 1672 deducti
3238 1606 3366 1672 sint
3409 1607 3731 1672 rationum
3775 1607 4239 1672 reddendarum

557 1745 766 1794 causa.
869 1727 953 1790 Hi
1009 1726 1174 1791 enim
1237 1726 1352 1791 soli
1409 1745 1556 1790 vere
1613 1725 1946 1807 ὑπεύθυνοι,
2003 1727 2044 1793 i.
2101 1747 2153 1794 e.
2211 1730 2341 1796 ταῖς
2392 1726 2673 1797 εὐθύναις
2724 1727 2994 1810 subjecti
3054 1733 3251 1792 erant.
3355 1726 3581 1809 Itaque
3640 1745 3802 1808 quae
3862 1726 3941 1791 de
4004 1726 4240 1793 talibus

557 1846 1037 1928 magistratibus
1097 1845 1238 1926 lege
1300 1851 1546 1910 statuta
1603 1851 1802 1926 erant,
1867 1865 2070 1928 neque
2133 1847 2214 1912 ad
2279 1865 2387 1912 eos
2451 1848 2870 1930 pertinebant,
2937 1848 3046 1929 qui
3106 1848 3471 1914 muneribus
3528 1845 3969 1929 fungebantur,
4034 1864 4241 1929 neque

556 1967 639 2032 ad
698 1985 833 2049 eos,
896 1967 975 2031 de
1032 1965 1262 2048 quibus
1312 1967 1558 2050 judices
1617 1967 1680 2031 in
1742 1967 2206 2050 compendiario
2265 1959 2686 2049 euthynarum
2740 1949 2979 2048 judicio
3039 1945 3344 2048 suffragia
3404 1965 3700 2032 tulerant.
3806 1965 3925 2044 Qui
3985 1965 4236 2032 etiamsi

559 2085 772 2152 delicti
831 2086 1099 2168 alicujus
1159 2085 1442 2152 damnati
1499 2092 1679 2152 erant
1737 2087 1869 2151 sive
1926 2086 2206 2168 priorum
2263 2089 2547 2168 jndicum
2595 2087 2855 2154 calculis
2900 2086 3175 2153 absoluti
3221 2087 3643 2169 euthynorum
3690 2105 3882 2168 opera
3926 2085 4131 2150 denuo
4176 2085 4241 2150 in

549 2207 860 2290 judicium
922 2206 1484 2272 introducebantur
1547 2207 1839 2290 (Aristot.
1903 2205 2046 2272 Πολ.
2105 2207 2217 2272 Ἀθ.
2282 2209 2410 2290 48),
2473 2207 2867 2292 hypeuthyni
2927 2212 3141 2272 tamen
3204 2225 3343 2272 esse
3407 2205 3840 2272 desinebant.‘-'
3943 2206 4120 2272 Haec
4180 2205 4235 2270 si

557 2343 708 2391 vera
767 2331 932 2408 sunt,
993 2323 1177 2390 valde
1238 2326 1499 2392 dubium
1558 2326 1825 2409 videtur,
1888 2346 1966 2393 an
2026 2333 2199 2392 recte
2257 2327 2340 2394 ab
2384 2325 2714 2393 Aeschinis
2774 2327 3157 2394 scholiasta³
3213 2346 3337 2394 non
3390 2327 3685 2393 tradatur
3728 2326 4237 2392 denuntiationes

557 2464 808 2528 quoque
870 2445 1185 2510 interdum
1249 2451 1470 2512 contra
1531 2446 1971 2530 hypeuthynos
2033 2446 2236 2512 factas
2299 2465 2460 2514 esse.
2566 2447 2753 2514 Certe
2814 2447 3055 2514 nullum
3119 2450 3257 2532 ejus
3317 2448 3411 2514 rei
3470 2452 3649 2514 extat
3704 2446 4061 2528 exemplum
4119 2463 4233 2510 nec

557 2565 1139 2633 denuntiationibus
1186 2566 1438 2632 videtur
1481 2585 1640 2650 opus
1686 2566 1900 2648 fuisse,
1959 2569 2254 2649 quoniam
2300 2567 2637 2651 unicuique
2698 2569 2929 2635 licebat
2972 2588 3088 2652 per
3131 2569 3549 2652 euthynarum
3598 2567 3994 2634 occasionem
4036 2565 4230 2647 magi-

559 2690 830 2752 stratum
892 2687 1239 2768 quemlibet
1283 2688 1360 2752 de
1405 2687 1596 2753 rebus
1643 2688 1742 2752 vel
1785 2687 2053 2770 privatis
2099 2689 2197 2754 vel
2243 2688 2511 2772 publicis
2556 2707 2874 2755 accusare.
2952 2689 3093 2754 Erit
3134 2688 3405 2756 fortasse
3450 2688 3560 2771 qui
3606 2693 3824 2754 contra
3868 2707 3983 2754 nos
4028 2686 4235 2753 facere

555 2810 739 2887 putet
798 2807 990 2872 verba
1042 2807 1488 2874 Demosthenis
1533 2807 1705 2890 XIX,
1757 2809 1906 2873 103:
1971 2805 2033 2871 εἴ
2086 2808 2152 2892 γέ
2207 2832 2256 2872 τι
2313 2813 2428 2871 τῶν
2482 2808 2886 2895 προςηκόντων
2939 2807 3219 2890 ἐγίγνετο,
3274 2809 3338 2871 ἐν
3390 2807 3735 2895 εἷσαγγελίᾳ
3790 2807 3969 2872 πάλαι
4024 2805 4098 2868 ἂν
4148 2805 4234 2892 ἦν.

556 2926 679 2993 Sed
733 2925 887 2992 illud
948 2928 1128 2989 πάλαι
1181 2928 1418 3010 optime
1474 2926 1696 2994 referri
1748 2934 1963 3012 potest
2010 2930 2091 2995 ad
2145 2929 2352 3012 ipsum
2409 2931 2587 2996 illum
2643 2948 2893 3009 annum,
2950 2948 3076 3011 quo
3132 2946 3391 2995 munere
3444 2928 3827 3011 fungebatur
3872 2927 4235 2995 Aeschines,

860 3047 978 3113 His
1038 3048 1115 3113 de
1175 3046 1662 3129 magistratuum
1721 3048 2271 3133 hypeuthynorum
2337 3049 2700 3116 condicione
2760 3050 3127 3133 praemissis
3190 3051 3269 3116 ad
3330 3050 3538 3133 ipsum
3598 3048 3757 3115 illud
3814 3047 4235 3130 euthynarum

557 3186 818 3233 examen
891 3168 1293 3249 accedamuS,
1374 3169 1542 3251 quod
1607 3169 1828 3253 primis
1900 3170 2290 3253 singulorum
2359 3189 2664 3236 annorum
2728 3171 2949 3236 diebus
3010 3170 3259 3235 institui
3322 3170 3586 3236 solebat.
3696 3169 3966 3235 Diversa
4038 3169 4235 3251 magi·

555 3292 874 3355 stratuum
955 3288 1242 3372 collegia,
1319 3290 1652 3371 logistas
1729 3309 1870 3356 cum
1947 3291 2375 3374 synegoris,
2454 3292 2827 3373 euthynos
2900 3309 3041 3355 cum
3117 3290 3675 3373 assessoribus,
3749 3290 3813 3354 in
3879 3290 3979 3355 his
4044 3288 4235 3354 rebus

557 3408 819 3491 agendis
875 3408 1193 3476 adhibitos
1249 3409 1443 3475 fuisse
1491 3412 1622 3491 jam
1670 3412 1777 3477 diu
1823 3416 1962 3477 erat
2006 3417 2244 3476 notum.
2336 3410 2510 3489 Quae
2557 3430 2707 3475 vcro
2760 3411 2839 3475 de
2882 3410 3135 3475 illorum
3179 3410 3452 3491 negotiis
3498 3410 3618 3475 viri
3661 3409 3830 3474 docti
3877 3411 4239 3492 conjectura

554 3530 830 3597 assecuti
893 3548 1033 3596 esse
1096 3530 1215 3597 sibi
1279 3531 1397 3596 visi
1461 3536 1661 3611 erant,
1726 3531 1883 3598 haec
1946 3550 2240 3613 magnam
2300 3534 2548 3614 partem
2614 3530 2774 3597 falsa
2840 3549 2979 3596 esse
3047 3529 3407 3597 Aristotelis
3473 3529 3835 3596 testimonio
3904 3530 4234 3595 evincitur.

555 3652 753 3733 Nunc,
810 3656 885 3717 ut
939 3652 1303 3717 accuratius
1358 3653 1434 3717 de
1490 3651 1588 3717 his
1643 3652 1834 3718 rebus
1889 3651 2168 3717 iudicare
2223 3650 2561 3735 possimus,
2618 3650 2889 3733 primum
2937 3650 3445 3733 distinguendum
3493 3656 3593 3715 est
3636 3649 3804 3713 inter
3856 3648 4138 3731 euthyn
4155 3668 4236 3713 as

554 3772 862 3855 quasdam
906 3772 1560 3855 ‘compendiariaS,
1621 3791 1786 3855 quae
1841 3772 2010 3839 intra
2067 3777 2310 3839 certum
2370 3777 2515 3855 post
2574 3790 2835 3837 munera
2894 3771 3183 3854 deposita
3242 3770 3545 3853 temporis
3605 3768 3881 3851 spatium
3928 3768 4237 3851 dijudica-

552 3893 803 3975 bantur,
865 3898 934 3959 et
989 3910 1262 3958 causas
1321 3891 1726 3958 sollemnes
1785 3892 2097 3978 (γραφάς),
2159 3912 2322 3975 quae
2381 3899 2529 3975 post
2589 3893 2766 3975 prius
2824 3892 2979 3963 illud
3032 3891 3338 3973 jndicium
3398 3890 3730 3956 institutae
3784 3908 3908 3955 non
3965 3890 4232 3956 multum

553 4013 634 4077 ab
693 4011 833 4077 aliis
894 4010 1101 4077 causis
1159 4010 1427 4093 publicis
1487 4012 1832 4094 privatisve
1890 4012 2283 4080 differebant.
2375 4014 2550 4079 Haec
2605 4014 2731 4078 duo
2784 4012 3101 4079 rationum
3157 4009 3619 4076 reddendarum
3662 4028 3897 4091 genera
3941 4013 4235 4075 accurate

557 4132 970 4199 discernenda
1022 4150 1164 4197 esse
1211 4133 1312 4197 vel
1366 4150 1440 4197 ex
1487 4150 1561 4198 eo
1609 4132 1834 4213 elucet,
1893 4134 2061 4215 quod
2105 4133 2355 4215 legibus
2402 4134 2632 4199 Atticis
2677 4150 2867 4214 quam
2912 4131 3186 4197 maxime
3230 4134 3489 4195 cautum
3534 4132 3693 4209 erat,
3752 4148 3830 4195 ne
3873 4128 3951 4193 de
3996 4126 4233 4192 eisdem

555 4255 745 4319 rebus
789 4252 886 4319 bis
923 4254 987 4317 in
1026 4251 1265 4335 judicio
1311 4252 1670 4334 ageretur,⁴¹
1714 4251 1904 4334 idque
1941 4253 2132 4319 etiam
2172 4254 2250 4319 de
2295 4253 2590 4336 euthynis
2637 4252 2847 4318 valere
2893 4252 2947 4316 is
2994 4270 3179 4333 quem
3227 4249 3559 4316 attulimus
3604 4249 3782 4317 locus
3817 4249 4231 4315 demonstrat.

858 4374 1080 4438 Nonne
1135 4390 1286 4437 vero
1344 4371 1501 4437 haec
1559 4377 1779 4437 contra
1836 4391 1912 4437 ea
1972 4373 2178 4439 dicere
2235 4373 2546 4454 videntur,
2610 4390 2772 4453 quae
2832 4371 2911 4436 ab
2967 4369 3313 4436 Aristotele
3370 4366 3514 4435 Πολ.
3566 4369 3677 4434 Ἀθ.
3733 4371 3833 4434 48.
3896 4368 4235 4433 traduntur

552 4514 842 4578 quaeque
895 4482 1030 4576 jam
1087 4497 1236 4557 ante
1289 4492 1703 4559 contenderat
1747 4492 2094 4558 Schoellius
2157 4492 2260 4575 (de
2315 4510 2531 4575 syneg.
2580 4497 2695 4557 att.
2742 4512 2801 4574 p.
2850 4492 2959 4573 23)
3020 4508 3403 4572 quamquam
3464 4496 3599 4555 tum
3657 4489 3759 4554 vix
3816 4507 3855 4554 a
3915 4506 4232 4571 quoquam

861 4668 876 4699 ¹
915 4664 1130 4731 111,20·
1169 4662 1314 4715 πάλιν
1341 4665 1430 4732 τὴν
1405 4664 1654 4733 νβουλὴν
1681 4665 1804 4723 τοὺς
1825 4683 1914 4715 πε·
1889 4681 2187 4723 ιτακοσιους
2211 4664 2493 4715 ὑπεύθυνον
2518 4663 2783 4732 πεποίηκεν
2809 4664 2839 4713 ὁ
2862 4680 3006 4723 νομο
2972 4664 3059 4713 ηε
3064 4678 3169 4731 της.
3232 4660 3308 4714 cf.
3330 4660 3565 4729 Lipsiae,
3592 4662 3701 4713 Att.
3723 4658 3877 4715 Proc-
3898 4662 4231 4727 260‚n.157.

861 4766 1034 4821 3Ηοο
1083 4765 1240 4821 modo
1292 4765 1584 4821 difficultas
1627 4764 1892 4835 quaedam
1939 4764 2152 4819 videtur
2198 4766 2334 4834 tolli,
2383 4782 2520 4833 quae
2567 4766 2707 4821 inest
2750 4766 2807 4819 in
2844 4764 3128 4819 Aeschinis
3174 4779 3340 4819 causa
3387 4764 3819 4832 παραπρεσβείας
3856 4768 3981 4831 post
4015 4763 4229 4832 longum

552 4871 807 4940 temporis
843 4870 1078 4939 spatium
1115 4869 1268 4925 finita
1304 4868 1450 4940 (wil.
1489 4870 1560 4937 11,
1596 4872 1696 4922 236
1732 4886 1783 4923 n.
1824 4870 1934 4937 19);
1969 4884 2095 4923 nam
2123 4869 2445 4923 Aeschinem
2481 4868 2663 4923 statim
2698 4873 2822 4937 post
2856 4866 3091 4921 muneris
3128 4883 3325 4923 annum
3361 4868 3419 4921 in
3450 4866 3659 4933 judicio
3696 4865 3790 4920 illo
3828 4865 4229 4936 compendiario

550 4975 832 5031 δεδωκέναι
867 4972 960 5032 τὰς
991 4972 1217 5032 εὐθύνας
1250 4986 1565 5041 persuasum
1600 4970 1875 5027 habemus.

858 5080 880 5113 ³
915 5076 1002 5131 Ad
1038 5076 1082 5143 Ι,
1121 5078 1168 5143 l,
1203 5093 1254 5145 p.
1296 5078 1394 5129 ⁷19
1430 5076 1495 5133 R.
1533 5078 1695 5129 ἐνίοτε
1725 5077 1902 5140 μέντοι
1937 5076 2021 5127 καὶ
2055 5076 2376 5143 εἰσαγγελίαι
2410 5076 2539 5128 κατὰ
2574 5081 2673 5129 τῶν
2708 5077 3066 5141 εὐθυνομένων
3102 5076 3417 5129 ἀπετίθεντο.

855 5185 876 5217 ⁴
913 5180 1187 5236 Demosth.
1225 5180 1346 5246 XX,
1385 5182 1497 5235 147.
1535 5180 1586 5235 οἱ
1619 5179 1762 5246 νόμοι
1797 5180 1858 5234 δὲ
1893 5178 1986 5233 οὐκ
2021 5180 2146 5233 ἐῶσι
2181 5180 2262 5243 δὶς
2293 5180 2422 5249 πρὸς·
2454 5180 2537 5235 τὸν
2573 5178 2724 5237 αὐτὸν
2768 5177 2889 5235 οὔτε
2934 5180 3078 5241 δίκας
3118 5177 3251 5236 οὔτ’
3286 5178 3585 5238 εὐθύνας
3619 5176 3739 5231 οὔτε
3775 5178 4091 5231 διαδικασίαν
4128 5176 4234 5235 οὔτἱ

552 5288 679 5343 ἄλλο
716 5286 895 5343 τοιοῦτ’
937 5286 1088 5341 οὐδὲν
1123 5283 1264 5349 εἶναι,
