4676 5806
2255 305 2330 368 15

2092 391 2497 404 ——flp—

2240 525 2355 592 111.

768 671 1207 753 Euthynarum
1246 667 1557 734 actionem
1595 665 2144 749 compendiariam,
2193 683 2357 748 quae
2387 664 2785 747 praesidibus
2820 661 3069 744 logistis
3106 661 3169 726 111
3208 679 3424 728 omnes
3462 660 3873 743 magistratus
3919 659 4137 726 statim

462 800 608 878 post
643 809 910 858 munera
944 789 1238 870 deposita
1279 787 1527 852 institui
1573 787 1837 868 solebat,
1883 787 2188 851 hactenus
2235 785 2616 850 adumbrare
2661 801 2880 849 sumus
2927 783 3153 848 conati.
3232 783 3351 847 Sed
3400 787 3731 864 praeterea
3775 781 4139 847 institutum

465 915 678 995 fuisse,
739 917 815 976 ut
873 908 1288 990 magistratus
1354 907 1545 973 etiam
1603 910 1750 989 post
1803 905 1960 971 illud
2013 905 2190 990 prius
2243 904 2548 989 judicium
2598 905 2676 969 de
2720 902 2910 968 rebus
2954 903 3150 983 gestis
3196 903 3479 968 accusari
3523 907 3801 986 possent,
3862 901 3927 966 id
3972 899 4141 982 quod

475 1032 822 1100 Schoellius
867 1033 1204 1108 statuerat,
1252 1025 1618 1092 Aristotelis
1664 1025 2029 1092 testimonio
2076 1023 2514 1092 confirmatum
2559 1029 2677 1090 est.
2752 1023 2909 1106 Ejus
2954 1022 3119 1087 enim
3164 1021 3485 1104 beneficio,
3534 1021 3642 1104 qui
3686 1021 3845 1088 satis
3890 1021 4142 1101 copiose

467 1153 624 1218 hanc
684 1170 820 1217 rem
883 1147 1025 1212 Πολ.
1091 1148 1214 1211 Ἀθ.
1278 1165 1411 1229 cap.
1475 1149 1576 1212 48.
1641 1147 1969 1228 tractavit,
2035 1143 2271 1212 factum
2335 1145 2649 1226 videmuS,
2722 1148 2795 1210 ut
2860 1143 2939 1208 de
2998 1141 3116 1208 hoc
3179 1143 3599 1225 euthynarum
3659 1159 3887 1225 genere
3950 1140 4142 1207 etiam

474 1270 847 1350 accuratius,
894 1285 1085 1350 quam
1132 1265 1208 1331 de
1253 1265 1462 1348 priore
1507 1265 1635 1346 illo,
1675 1265 1960 1348 judicare
2005 1266 2343 1348 possimus.
2430 1266 2585 1331 Inde
2630 1264 2841 1346 etiam,
2898 1280 3207 1345 quaenam
3252 1261 3755 1346 euthynorum
3799 1279 4144 1343 eorumque

470 1406 978 1469 assessorum,
1043 1386 1274 1469 quibus
1334 1384 1400 1450 in
1459 1385 1673 1468 priore
1735 1385 1981 1452 actione
2043 1385 2218 1453 locus
2273 1391 2415 1451 erat
2465 1383 2694 1467 nullus,
2759 1385 2824 1449 in
2876 1383 3364 1466 magistratuum
3409 1381 3766 1448 rationibus
3808 1379 4145 1447 reddendis

467 1509 661 1576 fuerit
705 1505 1042 1590 provincia,
1081 1506 1338 1573 tandem
1382 1506 1721 1588 aliquando
1765 1506 2116 1590 dispicitur.

779 1643 998 1710 Mirari
1057 1662 1182 1708 non
1243 1661 1581 1725 possumus
1645 1644 1980 1728 plerosque
2037 1642 2207 1710 viros
2266 1643 2488 1709 doctos
2542 1643 2608 1708 in
2664 1661 2739 1708 eo
2798 1641 2945 1708 olim
3003 1641 3356 1723 offendisse,
3422 1641 3589 1724 quod
3635 1638 3903 1705 eundem
3947 1637 4146 1720 magi-

479 1771 749 1832 stratum
804 1765 883 1830 de
927 1764 1210 1848 ejusdem
1256 1763 1400 1829 anni
1446 1764 1636 1830 rebus
1681 1762 1880 1846 gestis
1923 1763 2155 1829 iterum
2200 1763 2265 1828 in
2311 1764 2419 1846 jus
2464 1767 2757 1828 vocatum
2808 1780 2949 1828 esse
2994 1760 3343 1828 Schoellius
3391 1759 3734 1844 obtinebat.
3825 1758 3951 1824 Sed
3995 1757 4149 1822 illud

366 1901 369 1904 ·
481 1886 818 1952 tenendum
856 1888 956 1950 est
997 1903 1076 1948 ne
1112 1883 1205 1949 ita
1239 1884 1494 1967 quidem
1545 1883 1782 1949 factum
1831 1901 1993 1967 esse,
2036 1888 2112 1948 ut
2147 1882 2353 1948 eidem
2390 1883 2803 1965 magistratus
2840 1882 2919 1946 de
2954 1882 3145 1949 rebus
3181 1882 3369 1964 plane
3406 1880 3643 1947 eisdem
3680 1884 4147 1946 accusarentur.

473 2007 636 2072 Nam
696 2003 848 2086 quin
903 2004 966 2068 in
1026 2021 1154 2087 eos,
1220 2003 1328 2084 qui
1387 2002 1945 2086 praevaricationis
2003 2003 2269 2087 alicujus
2323 2009 2540 2069 essent
2596 2022 2635 2069 a
2685 2002 3001 2085 jndicibus
3056 2001 3357 2083 damnati,
3421 2002 3500 2067 de
3553 2000 3773 2067 eadem
3825 2017 3895 2064 re
3949 2000 4153 2065 altera

483 2124 808 2192 accusatio
866 2142 1161 2191 concessa
1217 2143 1340 2190 non
1397 2123 1607 2206 fuerit,
1669 2143 1851 2190 nemo
1915 2129 2031 2207 est,
2091 2123 2201 2206 qui
2259 2123 2527 2206 dubitet,
2588 2122 2778 2207 idque
2836 2123 3027 2189 etiam
3083 2124 3145 2188 in
3199 2141 3309 2188 eas
3362 2141 3464 2189 res
3516 2121 3789 2188 valuisse
3838 2119 4150 2202 existimo,

486 2265 747 2329 quarum
813 2239 1094 2312 accusati
1155 2245 1564 2328 magistratus
1632 2245 1916 2327 judicum
1980 2243 2235 2310 calculis
2296 2243 2573 2310 absoluti
2636 2248 2867 2310 essent.
2974 2243 3098 2308 Sed
3161 2241 3215 2308 si
3278 2261 3429 2307 vera
3490 2248 3667 2324 sunt,
3731 2259 3894 2323 quae
3956 2259 4153 2323 supra

479 2367 1093 2438 demonstrabamus,
1167 2366 1480 2448 euthynas
1553 2365 2051 2448 compendiarias
2125 2383 2248 2428 non
2320 2362 2643 2448 propriam
2712 2363 2910 2430 fuisse
2985 2363 3297 2429 actionem
3363 2363 3725 2445 judicialem
3798 2362 3863 2428 in
3935 2361 4152 2444 eisque

476 2485 779 2569 populum
828 2484 1370 2566 detrimentorum,
1419 2484 1650 2568 quibus
1696 2484 1832 2568 ipse
1877 2483 2142 2550 affectus
2188 2490 2377 2566 esset,
2426 2503 2663 2568 poenas
2699 2505 2739 2550 a
2774 2484 3247 2566 magistratibus
3286 2484 3587 2566 exegisse,
3633 2483 3820 2550 facile
3856 2483 4154 2567 explicari

477 2625 831 2687 possumus„
892 2624 1004 2670 cur
1060 2610 1314 2687 praeter
1370 2603 1514 2670 illas
1572 2606 1882 2688 euthynas
1939 2606 2355 2687 magistratus
2414 2605 2750 2672 accusandi
2809 2605 2886 2671 de
2942 2605 3133 2670 rebus
3188 2602 3455 2685 publicis
3498 2603 3845 2686 privatisve
3885 2603 4155 2670 facultas

482 2724 634 2788 data
678 2724 780 2788 sit.
869 2723 1075 2790 Facile
1122 2724 1286 2789 enim
1331 2723 1467 2790 fieri
1513 2726 1742 2808 potuit,
1799 2730 1874 2792 ut
1918 2725 1980 2790 in
2025 2725 2234 2808 priore
2279 2725 2528 2792 actione
2573 2725 2651 2791 de
2696 2723 2910 2807 aliqua
2954 2742 3148 2790 causa
3193 2729 3525 2790 accusator
3568 2723 3871 2790 existeret
3915 2722 4153 2802 nullus;

483 2843 733 2925 privata
787 2851 996 2909 autem
1053 2844 1316 2911 crimina
1370 2845 1450 2911 ab
1506 2862 1582 2911 ea
1637 2848 1888 2912 omnino
1931 2845 2138 2913 aliena
2183 2852 2382 2915 erant.
2472 2845 2701 2929 Itaque
2743 2863 3002 2928 prorsus
3046 2844 3469 2912 necessarium
3517 2843 3767 2911 videtur
3808 2842 4023 2926 fuisse,
4084 2849 4157 2909 ut

490 2962 608 3029 illis
653 2963 1130 3045 compendiariis
1177 2963 1470 3045 euthynis
1517 2965 2022 3046 supplementum
2069 2967 2383 3048 quoddam
2432 2966 2806 3033 adiceretur.

784 3100 906 3166 Sed
952 3100 1318 3183 priusquam
1365 3100 1446 3165 ad
1489 3100 1900 3167 describenda
1943 3103 2363 3187 euthynorum
2418 3102 2675 3184 negotia
2718 3103 3113 3187 accedamuS,
3160 3101 3369 3168 facere
3412 3121 3535 3168 non
3581 3120 3935 3186 possumuS,
3982 3102 4154 3187 quin,
4216 3180 4221 3187 ⁵

484 3239 671 3300 quam
712 3219 1184 3300 diligentissime
1221 3239 1577 3304 possumus,
1624 3221 2016 3304 inquiramus
2053 3222 2116 3288 in
2161 3223 2317 3289 illud
2365 3223 2720 3305 discrimen,
2768 3224 2937 3305 quod
2982 3224 3148 3288 inter
3189 3223 3361 3307 λόγος
3400 3228 3466 3289 61
3509 3222 3733 3287 εὔθυνα
3768 3223 4157 3290 intercedere

487 3344 670 3420 putat
715 3338 857 3405 Wil.
903 3338 986 3420 11,
1033 3340 1191 3405 2536.-
1263 3342 1483 3407 Liceat
1535 3342 1654 3407 hoc
1707 3343 1846 3407 loco
1901 3344 2042 3425 ipsa
2085 3344 2223 3427 eius
2271 3345 2465 3410 verba
2508 3344 2893 3411 adscribere:
2951 3343 3027 3408 In
3073 3344 3287 3410 diesen
3331 3343 3597 3409 formeln
3644 3344 3802 3425 (scil.
3848 3340 4017 3425 λόγον
4061 3344 4159 3405 καὶ

482 3457 742 3529 εὐθύνας
796 3458 1022 3522 διδόναι
1088 3459 1250 3543 sim.)
1307 3462 1422 3526 hat
1489 3462 1621 3529 sich
1690 3464 1802 3527 der
1863 3463 2266 3529 unterschied
2330 3464 2444 3529 der
2507 3464 3059 3547 rechnunglegung
3122 3484 3236 3529 vor
3295 3464 3439 3529 dem
3502 3463 3786 3546 gerichte
3847 3463 3978 3529 und
4037 3464 4158 3529 den

488 3578 836 3659 ,rechnern‘
877 3580 1222 3661 einerseits,
1261 3582 1374 3646 der
1410 3586 1773 3665 ,correctur‘
1811 3601 1932 3649 von
1969 3582 2588 3666 amtsverfehlungen
2625 3582 2739 3649 auf
2770 3582 2973 3665 grund
3011 3584 3124 3649 der
3158 3582 3559 3649 beschwerde
3594 3583 3762 3650 beim
3800 3584 4175 3675 ,correctorf

485 3698 706 3763 immer
767 3699 1072 3765 erhalten.
1163 3700 1262 3765 die
1321 3701 1587 3782 sprache
1645 3702 1806 3769 liisst
1863 3702 2024 3768 auch
2082 3722 2162 3769 an
2223 3704 2360 3770 sich
2420 3702 2645 3768 keinen
2702 3702 2955 3769 zweifel.
3044 3700 3216 3785 λόγος·
3260 3702 3532 3792 λογιστὴς
3575 3700 3936 3786 λογίζεσθαι,
3993 3700 4163 3784 λόγον

484 3817 904 3903 ἐγγράφεσθαι
952 3820 1018 3903 ('?
1064 3820 1395 3887 dicendum
1434 3828 1575 3887 erat
1617 3821 1990 3909 ἐγγράφειν),
2037 3822 2546 3911 ὑποσημαίνεσθαι
2583 3823 2707 3907 (?),
2756 3825 2868 3889 das
2904 3823 3055 3907 geht
3090 3823 3247 3889 alles
3284 3822 3387 3890 die
3424 3822 3805 3890 schriftliche
3840 3823 4163 3905 rechnung

484 3956 581 4003 an.
673 3935 920 4008 εὔθυνος
956 3940 1043 4005 ist
1086 3941 1218 4024 der,
1277 3943 1391 4006 der
1434 3942 1534 4007 die
1589 3944 1810 4007 σκολιαὶ
1855 3944 2132 4027 θέμιστες
2173 3945 2405 4025 gerade
2450 3942 2682 4026 macht,
2743 3940 2967 4007 εὔθυνα
3012 3944 3099 4009 ist
3140 3942 3411 4010 zunacht
3454 3944 3557 4009 die
3598 3943 3911 4027 procedur
3955 3943 4161 4008 dieses

483 4057 1034 4137 gerademachens,
1096 4060 1256 4125 doch
1315 4060 1490 4125 nicht
1535 4080 1654 4125 von
1711 4062 1909 4127 seiten
1966 4064 2077 4128 des
2132 4064 2529 4148 ‚correctors‘
2576 4082 2713 4145 aus,
2772 4062 3041 4129 sondern
3088 4064 3333 4145 dessen,
3396 4064 3507 4129 der
3552 4062 3686 4129 sich
3731 4064 3844 4129 der
3886 4062 4163 4148 prufung

485 4176 593 4241 aui
641 4177 742 4243 die
797 4178 1128 4261 geradheit
1180 4180 1552 4263 unterzieht,
1611 4179 1868 4245 εὔθυναν
1919 4182 2157 4246 δίδωσιν
2203 4183 2356 4250 oder
2398 4180 2633 4271 ὑπέχει;
2689 4188 2822 4249 erst
2865 4182 3004 4248 weil
3054 4200 3123 4248 es
3169 4182 3357 4248 meist
3397 4202 3512 4247 zur
3555 4182 4009 4266 ausgleichung
4051 4183 4161 4249 des

485 4296 704 4378 geldes
757 4296 995 4378 bedarf,
1053 4296 1254 4362 heisst
1299 4298 1520 4363 εὔθυνα
1567 4299 1727 4366 auch
1773 4301 2137 4382 geldstrafe.
2225 4304 2426 4369 Recte
2478 4303 2541 4366 in
2596 4302 2696 4367 his
2742 4302 2961 4383 procul
3006 4302 3196 4368 dubio
3244 4301 3481 4369 dictum
3525 4307 3625 4367 est
3667 4302 3848 4385 λόγος,
3902 4303 4172 4391 λογιστὴς·

485 4416 638 4481 talia
702 4416 782 4479 ad
848 4418 1118 4499 scriptas
1183 4418 1458 4484 rationes
1521 4420 1854 4503 pertinere.
1947 4420 2121 4501 Quae
2181 4442 2329 4488 vero
2391 4422 2467 4487 de
2529 4441 2679 4488 voce
2738 4420 2963 4487 εὔθυνα
3020 4424 3440 4507 proferantur,
3504 4442 3581 4489 ea
3636 4442 3737 4489 me
3799 4440 3923 4488 non
3980 4422 4163 4506 plane

489 4534 854 4616 intellegere
921 4536 1185 4619 ingenue
1253 4538 1569 4619 profiteor.
1677 4541 1905 4619 Quidni
1979 4551 2275 4624 putemus
2350 4542 2701 4625 corrigendi
2775 4543 3094 4609 notionem
3157 4544 3359 4625 illam,
3434 4564 3597 4627 quae
3660 4563 3811 4609 sane
3872 4544 4040 4609 inest
4102 4544 4163 4609 in

489 4656 793 4721 vocabulo
853 4652 1102 4739 εὔθυνα,
1163 4658 1432 4723 maxime
1495 4662 1808 4741 pertinere
1867 4663 1946 4728 ad
2007 4665 2214 4745 ipsum
2273 4664 2781 4747 ,correctorem‘?
2882 4662 2967 4729 Et
3019 4663 3269 4729 videtur
3314 4664 3458 4730 Wil.
3518 4664 3672 4729 illud
3730 4663 3985 4746 quidem
4044 4664 4163 4729 sibi

487 4776 833 4857 sumpsisse
871 4795 948 4841 ex
985 4780 1193 4845 verbis
1230 4777 1487 4843 εὔθυναν
1523 4782 1785 4865 (rectius
1821 4783 2098 4865 εὐθύνας)
2136 4782 2361 4848 διδόναι
2398 4783 2498 4849 vel
2532 4782 2789 4873 ὑπέχειν.
2854 4783 2941 4849 At
2975 4783 3131 4849 haec
3168 4790 3387 4867 aperte
3425 4783 3578 4849 nihil
3608 4784 3783 4851 aliud
3812 4782 4167 4867 significant

486 4896 608 4961 nisi
654 4897 1010 4977 corrigendi
1047 4896 1414 4965 facultatem
1459 4901 1630 4982 dare,
1686 4904 2057 4969 correctoris
2103 4922 2364 4971 examen
2412 4904 2744 4971 sustinere.
2822 4902 3111 4967 Εὐθύνειν
3154 4923 3303 4971 vero
3348 4906 3446 4970 vel
3494 4903 3873 4969 κατευθύνειν
3916 4923 4167 4987 semper

493 5014 566 5080 116
624 5016 947 5098 judicibus
1002 5017 1238 5084 dictum
1283 5020 1534 5085 videtur
1579 5021 1680 5085 vel
1733 5022 1943 5105 etiam,
2004 5024 2057 5088 si
2103 5024 2344 5090 Polluci
2390 5025 2589 5109 (VIII,
2639 5024 2767 5108 67.)
2822 5022 2977 5090 fides
3030 5025 3325 5091 habenda
3368 5031 3484 5109 est,
3550 5027 3627 5091 de
3672 5026 4163 5095 accusatoribus

797 5136 918 5201 Sed
975 5139 1233 5220 majoris
1287 5138 1570 5220 profecto
1627 5142 1926 5207 momenti
1982 5149 2082 5208 est
2125 5144 2599 5211 accuratissime
2646 5162 3040 5226 pernoscere,
3098 5146 3413 5227 quomodo
3454 5146 3625 5229 λόγος·
3662 5153 3729 5213 61
3770 5144 3993 5210 εὔθυνα
4042 5148 4166 5231 (vel

495 5252 762 5341 εὔθυναι)
811 5258 977 5323 111161·
1022 5277 1090 5323 se
1137 5256 1447 5327 differant.
1538 5262 1672 5327 Hor
1718 5268 2056 5344 propterea
2099 5283 2221 5329 non
2272 5264 2364 5329 ita
2408 5262 2588 5330 facile
2634 5270 2751 5345 est,
2802 5265 2970 5347 quod
3016 5266 3351 5349 interdum,
3399 5266 3706 5350 imprimis
3751 5266 4167 5334 translatione
