4676 5806
2410 285 2487 351 10

831 557 834 562 -
918 508 1015 577 Ab
1060 509 1158 578 his
1203 508 1438 578 nostris
1483 507 1806 592 synegoris
1851 509 2312 576 diversissimos
2358 528 2517 590 esse,
2566 527 2724 592 quos
2760 510 3067 593 Harpocr.
3114 531 3175 594 p.
3220 513 3357 576 173.
3405 507 3591 576 affert
3630 527 3968 594 synegoros
4006 508 4279 576 electos¹

610 649 844 714 eosque
907 651 1141 715 omnes,
1205 632 1313 714 qui
1373 632 1436 697 in
1496 631 1702 696 causis
1761 630 1895 696 sive
1953 629 2218 710 privatis
2274 629 2407 694 sive
2450 629 2717 712 publicis
2762 630 3163 713 syndicorum
3210 649 3467 696 munere
3511 631 3948 714 fungebantur,
4012 649 4133 696 non
4180 637 4281 697 est

611 771 723 818 cur
773 752 1058 834 pluribus
1118 749 1684 818 demonstremuS.‘-'
1769 751 2061 832 Logistas
2117 769 2156 816 a
2208 751 2535 833 synegoris
2595 751 2866 832 publicis
2919 751 3001 826 in,
3030 751 3321 834 euthynis
3368 750 3796 816 examinandis
3840 751 4093 834 adjutos
4138 770 4279 818 esse

609 893 648 940 a
699 873 1135 956 grammaticis
1201 873 1508 938 traditum
1571 877 1736 952 erat,
1811 888 1927 936 nec
1994 871 2336 952 quidquam
2399 870 2543 936 novi
2609 870 2859 952 integra
2921 870 3282 937 Aristotelis
3349 873 3543 936 verba
3602 872 3857 953 docent,
3926 871 4052 941 nisi
4109 873 4279 954 quod

609 1011 950 1076 synegoros
996 995 1216 1058 eodem
1261 1011 1388 1075 quo
1433 992 1694 1074 legistas
1740 991 2025 1075 publicos
2081 991 2266 1056 modo
2313 995 2485 1056 sorte
2531 991 2755 1056 ductos
2800 1007 2942 1055 esse
2988 991 3447 1080 cognoscimus3
3510 1010 3820 1073 quaenam
3864 1008 4015 1056 vero
4062 1009 4277 1056 eorum

607 1114 860 1196 negotia
913 1113 1162 1194 fuerint,
1219 1133 1296 1178 ne
1351 1113 1430 1179 ab
1485 1113 1592 1179 illo
1639 1112 1894 1195 quidem
1940 1111 2300 1177 accuratius
2346 1107 2658 1178 definitur.
2750 1111 2823 1176 In
2868 1117 3050 1177 tanta
3094 1111 3600 1178 testimoniorum
3643 1112 3909 1195 penuria
3954 1112 4277 1178 commode

607 1234 908 1300 accidisse
957 1235 1155 1300 visum
1205 1239 1319 1315 est,
1368 1233 1533 1315 quod
1579 1233 1644 1298 in
1687 1251 2075 1316 paganorum
2123 1231 2737 1316 (Myrrhinusiorum,
2793 1237 2868 1297 ut
2911 1231 3199 1315 putatur)
3253 1232 3507 1297 decreto
3552 1233 3824 1314 quodam
3869 1232 4277 1298 celeberrimo

607 1353 752 1437 (Cui
789 1355 870 1434 II,
919 1356 1069 1436 578)
1116 1353 1464 1436 posteriore
1513 1352 1748 1419 saeculi
1786 1352 1998 1434 quarti
2051 1357 2234 1434 parte
2288 1351 2488 1433 lapidi
2542 1352 2738 1418 inciso
2782 1353 3072 1435 synegori
3119 1353 3437 1435 conjuncti
3482 1370 3621 1418 cum
3670 1352 3811 1418 aliis
3858 1351 4273 1434 euthynarum

611 1475 1088 1556 magistratibus
1147 1475 1402 1560 (logista
1460 1479 1528 1539 et
1581 1473 1886 1556 euthyno)
1949 1478 2539 1539 commemorantur.
2646 1473 2771 1539 Sed
2830 1473 3199 1555 priusquam
3258 1475 3336 1539 de
3392 1473 3499 1540 illo
3558 1473 3961 1554 disseramuS,
4024 1491 4270 1538 monere

606 1594 786 1660 nobis
844 1593 1059 1676 liceat,
1125 1600 1198 1660 ut
1250 1613 1432 1660 omne
1495 1593 1806 1659 cautionis
1863 1612 2060 1676 genus
2116 1593 2182 1658 in
2238 1593 2675 1676 comparandis
2736 1611 3043 1676 pagorum
3104 1613 3246 1659 cum
3300 1593 3393 1659 rei
3450 1593 3738 1675 publicae
3795 1593 4109 1659 institutis
4166 1595 4268 1660 ad-

605 1714 958 1780 hibeatur.3
1062 1714 1270 1796 Supra
1341 1713 1806 1780 concedendum
1881 1718 2021 1778 erat
2080 1713 2383 1796 pleraque
2443 1732 2750 1797 pagorum
2815 1713 3111 1780 instituta
3171 1714 3369 1780 totius
3430 1714 3523 1779 rei
3584 1714 3876 1797 publicae
3937 1715 4271 1797 imaginem

607 1835 918 1916 quandam
965 1835 1371 1917 expressisse.
1446 1815 1582 1900 Hoc
1629 1841 1843 1899 tamen
1886 1835 1979 1898 ita
2021 1831 2260 1899 factum
2297 1834 2604 1917 videmus,
2651 1838 2724 1899 ut
2767 1834 2859 1900 eis
2904 1835 2983 1899 de
3028 1834 3293 1916 singulis
3336 1835 3526 1900 rebus
3574 1835 4028 1900 constituendis
4072 1835 4273 1900 libera

604 1953 874 2021 facultas
932 1957 1212 2022 daretur.
1308 1955 1606 2020 Fortasse
1669 1973 1862 2018 unum
1919 1943 2236 2019 demarchi
2296 1973 2525 2020 munus
2587 1959 2753 2037 erat,
2814 1973 2938 2036 quo
3002 1954 3211 2020 nullus
3256 1973 3458 2037 pagus
3503 1972 3716 2020 carere
3763 1959 4039 2038 poterat,
4081 1953 4269 2038 idque

608 2075 687 2142 ob
735 2089 874 2142 eam
921 2093 1075 2156 rem,
1131 2075 1300 2158 quod
1346 2075 1519 2140 solus
1565 2074 1938 2140 demarchus
1984 2073 2367 2140 auctoritate
2414 2075 2686 2156 quadam
2731 2074 3000 2157 publica,
3063 2074 3351 2156 quamvis
3396 2075 3680 2157 angustis
3722 2073 3953 2146 finibus
3999 2073 4265 2158 definita,

605 2197 932 2278 praeditus
971 2201 1125 2262 erat.
1211 2195 1512 2261 Caeteros
1550 2195 1966 2277 magistratus
2003 2213 2220 2261 omnes
2266 2195 2433 2278 pagi,
2483 2213 2623 2261 cum
2670 2213 2860 2278 quam
2906 2194 3175 2260 maxime
3219 2193 3584 2277 inaequales
3630 2199 3861 2276 essent,
3907 2199 3981 2259 ut
4017 2213 4273 2260 suarum

604 2330 816 2379 rerum
871 2315 1034 2380 ratio
1087 2314 1410 2396 postulare
1465 2314 1816 2394 videbatur,
1874 2313 1995 2379 sibi
2051 2314 2431 2396 deligebant.
2532 2315 2800 2380 Omnino
2832 2311 2921 2379 'in
2982 2314 3271 2381 omnibus
3326 2315 3519 2381 rebus
3574 2314 3707 2380 suis
3762 2314 4275 2382 administrandis

608 2435 707 2500 sui
745 2435 908 2518 Juris
946 2439 1128 2499 erant
1162 2453 1366 2516 neque
1411 2452 1488 2498 ex
1530 2433 1621 2498 rei
1667 2433 1958 2515 publicae
2001 2433 2246 2516 legibus
2289 2435 2670 2517 pendebant.
2744 2435 2972 2518 Itaque
3016 2453 3179 2517 quae
3227 2434 3303 2499 de
3348 2434 3840 2516 magistratuum
3884 2453 4273 2516 paganorum

606 2551 825 2619 officiis
871 2553 1226 2634 traduntur,
1277 2572 1352 2618 ea
1395 2571 1518 2619 non
1564 2572 1814 2636 semper
1856 2571 2056 2635 aeque
2102 2555 2184 2619 ad
2227 2555 2610 2638 reipublicae
2656 2555 3066 2638 magistratus
3112 2555 3427 2637 pertinere
3470 2553 3876 2621 manifestum
3922 2560 4037 2622 est.

911 2672 1026 2738 His
1099 2673 1510 2756 praemonitis
1577 2672 2145 2754 Myrrhinusiorum
2217 2675 2537 2740 decretum
2607 2675 3093 2758 perlustremuS,
3162 2694 3315 2758 quo,
3394 2675 3707 2758 quomodo
3781 2676 4037 2741 ineunte
4109 2694 4271 2741 anno

603 2793 916 2876 euthynae
972 2793 1395 2858 instituendae
1455 2799 1687 2875 essent,
1751 2793 2168 2859 constitutum
2229 2799 2349 2860 est.
2438 2795 2653 2876 Primi,
2719 2794 2827 2876 qui
2891 2794 3144 2876 quidem
3203 2795 3327 2876 legi
3388 2795 3652 2878 possint,
3716 2795 3903 2860 huius
3965 2795 4135 2860 tituli
4195 2795 4274 2860 ab

604 2913 782 2979 initio
845 2913 1119 2979 truncati
1163 2932 1386 2979 versus
1438 2914 1880 2996 jusjurandum
1936 2914 2261 2979 continent
2312 2914 2818 2982 sollemnioribus
2864 2916 3073 2983 verbis
3130 2922 3521 2999 conceptum,
3578 2916 3747 2999 quod
3804 2917 3885 2981 ad
3929 2916 4274 3000 euthynum

603 3032 999 3099 referendum
1073 3050 1215 3099 esse
1289 3031 1634 3098 Schoellius
1715 3034 2000 3115 putabat.
2109 3034 2476 3116 Sequuntur
2547 3036 2957 3117 simpliciores
3031 3036 3287 3119 jurandi
3346 3034 3679 3119 formulae,
3755 3036 3987 3118 quibus
4050 3036 4273 3119 legista

606 3154 690 3233 (v.
745 3152 818 3215 13
864 3150 1190 3234 λογιεὶσὸαι
1237 3150 1278 3211 ἃ
1331 3150 1405 3213 ἄν
1444 3174 1544 3235 μοι
1590 3150 1753 3213 δοκεῖ
1795 3151 2239 3239 ἀ[νηλ]ωκέναι)
2288 3160 2355 3220 et
2407 3156 2695 3237 synegori
2743 3155 2827 3238 (v.
2880 3159 2958 3219 14
3012 3156 3494 3242 συν(η)γορὴσειν
3540 3160 3623 3241 τῷ
3671 3155 3847 3244 δήμῳ
3902 3156 4002 3240 τ[ὰ
4048 3156 4272 3241 δ]ι’καεα

602 3273 699 3335 καὶ
957 3271 1157 3335 εῖσθαι
1215 3270 1254 3333 ἃ
1311 3271 1386 3333 ἄν
1433 3292 1537 3355 μοι
1591 3270 1756 3335 δοκεῖ
1809 3271 2150 3336 δικαιότατα
2206 3270 2381 3355 εἶναι)
2436 3252 2537 3339 uti
2586 3275 2919 3341 debebant.
3018 3275 3247 3342 Cetera
3302 3277 3672 3358 plerumque
3727 3276 3885 3341 satis
3940 3278 4277 3359 perspicua

603 3399 776 3457 sunt:
839 3410 960 3457 non
1006 3392 1196 3457 licere
1240 3391 1516 3472 euthyus>
1562 3390 1780 3463 ἐξελεῖν
1824 3380 1926 3479 τῆν’
1969 3390 2228 3455 εὔθυναν
2273 3394 2469 3476 (quod
2515 3394 2618 3460 vix
2663 3402 2833 3461 recte
2887 3396 3342 3479 interpretatus
3402 3402 3502 3462 est
3546 3397 3618 3462 B.
3667 3396 4103 3462 Haussoullier
4146 3397 4184 3463 l.
4234 3396 4271 3463 l.

603 3532 660 3595 p.
712 3514 811 3593 82,
857 3531 916 3578 n.
970 3515 1034 3577 1:
1097 3515 1232 3575 mot
1289 3510 1328 3575 a
1379 3517 1516 3577 mot
1573 3509 1839 3591 „effacer
1892 3514 1986 3577 les
2032 3516 2405 3596 comptes“),
2463 3514 2582 3579 nisi
2642 3515 2865 3598 majori
2912 3516 3127 3581 decem
3172 3516 3449 3580 virorum
3496 3534 3535 3581 a
3579 3516 3841 3598 paganis
3887 3516 4269 3580 delectorum

602 3631 767 3713 parti
830 3631 1138 3713 placuerit
1199 3628 1512 3712 suffragiis
1585 3630 1796 3695 tacitis
1859 3608 2036 3696 latis.
2141 3633 2559 3698 Demarchum
2622 3635 2765 3699 novi
2823 3635 2968 3699 anni
3030 3636 3133 3716 (de
3196 3634 3325 3704 νέος·
3381 3652 3532 3699 voce
3591 3635 3941 3717 supplenda
3998 3634 4274 3699 dubitari

603 3752 849 3834 nequit)
894 3770 1038 3817 eum
1097 3768 1256 3827 esse,
1319 3751 1428 3832 qui
1487 3749 1789 3832 suffragia
1832 3749 1982 3815 ferri
2035 3753 2260 3833 jubeat
2313 3753 2608 3835 virosque
2662 3753 2802 3819 illos
2848 3754 3063 3819 decem
3118 3754 3529 3837 jurejurando
3578 3772 3787 3819 coram
3835 3772 3995 3837 pago
4042 3753 4271 3837 adigat.

603 3871 668 3937 Si
731 3871 910 3952 quis⁴
981 3872 1062 3936 ad
1135 3888 1462 3937 commune
1534 3890 1924 3953 paganorum
1999 3872 2326 3938 concilium
2391 3892 2731 3955 provocare
2795 3874 2973 3955 velit,
3038 3876 3103 3938 id
3166 3876 3221 3938 ei
3283 3875 3491 3940 licere.
3596 3875 3751 3957 EJus
3812 3874 4271 3955 provocationis

603 3993 803 4057 forma
845 3991 908 4054 in
955 3991 1064 4072 eis,
1113 4009 1274 4071 quae
1323 3997 1691 4073 sequuntur,
1739 3990 2026 4072 pluribus
2073 3991 2427 4060 definitur.⁵

712 4116 787 4120 -—-
815 4112 906 4120 ῳ-
957 4115 1122 4121 -q--—-—

911 4164 927 4195 1
965 4160 1172 4213 Similia
1218 4160 1285 4213 ab
1335 4158 1456 4213 aliis
1491 4158 1806 4215 traduntur:
1856 4162 2082 4229 llesycli.
2133 4163 2278 4216 Suitl.
2329 4162 2481 4217 Phot.
2554 4162 2617 4217 In
2668 4164 2843 4232 Etym.
2891 4164 2962 4218 M.
3014 4162 3291 4229 legendnm
3344 4162 3579 4216 videt-ur:
3628 4164 3925 4232 συνήγορος-
3967 4163 4276 4231 προστάτης·

607 4264 735 4333 ὑπέρ
773 4283 916 4316 τινων
953 4264 1122 4332 λέγων
1159 4264 1294 4333 (cod.
1333 4263 1535 4335 λόγων).

910 4369 929 4401 ²
966 4366 1269 4434 Synegoris,
1319 4366 1384 4419 de
1433 4366 1627 4435 quibus
1675 4367 1958 4435 loquimur,
2008 4368 2304 4421 mercedem
2354 4370 2517 4423 fuisse
2566 4369 2767 4423 nullam
2818 4374 3235 4423 consentaneum
3282 4374 3375 4421 est.
3451 4368 3635 4436 Inepte
3684 4366 3954 4421 scholiast.
3994 4367 4269 4435 Aristoph.

602 4470 760 4538 Vesp.
802 4472 914 4523 691.
955 4469 1020 4523 (le
1070 4469 1292 4523 alterius
1327 4470 1539 4536 generis
1587 4472 1861 4539 synegoris
1911 4471 2070 4523 dixit:
2121 4472 2176 4523 ἐκ
2223 4474 2407 4523 τούτου
2458 4474 2517 4524 δὲ
2566 4473 2819 4541 φαίνεται,
2867 4473 2941 4524 ὅτι
2974 4472 3309 4539 μισθοφόρος
3342 4470 3401 4540 ἦν
3436 4473 3466 4541 ἡ
3507 4472 3661 4541 cipp).
3735 4469 3818 4522 Illi
3858 4470 3995 4524 enim
4034 4476 4273 4523 oratores

604 4574 948 4639 magistratus
985 4588 1092 4627 non
1127 4571 1356 4626 fuerunt.

910 4680 932 4709 ²¹
969 4674 1292 4730 Schoellium
1319 4676 1595 4743 erravisse,
1634 4692 1754 4730 cum
1780 4677 2126 4744 magistratus
2152 4677 2272 4731 illos
2298 4694 2403 4731 non
2432 4680 2557 4747 pagi
2585 4681 2852 4749 proprioS,
2879 4679 2971 4732 sed
2998 4679 3074 4731 rei
3110 4678 3357 4746 publicae
3385 4693 3685 4731 communes
3713 4677 3934 4733 (luceret
3958 4678 4010 4745 (l.
4034 4678 4064 4732 l.
4089 4696 4138 4747 p.
4166 4678 4263 4743 30),

607 4782 680 4833 ita
719 4781 860 4833 inter
897 4794 1078 4833 omnes
1113 4784 1341 4846 constat,
1377 4784 1437 4832 ut
1471 4780 1611 4833 hanc
1648 4795 1758 4833 rem
1794 4780 2007 4835 silentio
2045 4782 2343 4849 praeterire
2379 4784 2655 4850 possimus,
2871 4852 2881 4861 α

907 4884 932 4935 ⁴.
966 4882 1104 4949 Quin
1154 4882 1298 4955 αὐτῷ
1343 4899 1386 4935 v.
1426 4884 1505 4935 20.
1555 4899 1662 4936 non
1713 4883 1782 4937 ad
1833 4884 2176 4938 demarchum
2225 4885 2411 4953 solum,
2462 4886 2555 4938 sed
2602 4887 2671 4939 ad
2710 4900 2889 4939 omncs
2940 4885 3064 4939 anni
3103 4886 3383 4953 praeteriti
3432 4884 3778 4950 magistratus
3816 4886 4147 4940 referendum
4182 4881 4266 4949 sit,

605 4986 852 5040 dubitare
888 5000 993 5039 non
1029 4999 1322 5053 possumus.

911 5092 932 5121 ⁵
969 5088 1124 5156 Quod
1159 5088 1286 5146 Wil.
1325 5088 1393 5155 Π,
1430 5092 1543 5141 239.
1592 5104 1770 5143 vocem
1809 5090 1862 5144 in
1901 5090 2043 5144 tituli
2081 5104 2211 5144 vers.
2251 5094 2331 5143 26.
2386 5090 2570 5143 vitiose
2617 5108 2651 5145 a
2696 5090 2936 5161 lapicida
2974 5098 3251 5145 exaratam
3287 5106 3393 5143 non
3430 5090 3667 5154 εὐθύνας,
3704 5092 3799 5145 sed
3837 5093 4034 5161 ἐγγύας·
4066 5090 4273 5144 intelle·

602 5192 830 5260 gendum
882 5206 994 5245 esse
1039 5192 1286 5257 coniecit,
1335 5192 1390 5245 in
1436 5208 1496 5245 eo
1547 5208 1652 5247 nou
1703 5192 2001 5247 audiendus
2047 5194 2271 5247 videtur.
2352 5192 2491 5247 Nam
2542 5194 2713 5262 ipsum
2763 5196 2989 5254 εὐθύνας
3034 5196 3226 5246 διδόναι
3268 5194 3369 5247 hoc
3420 5165 3537 5247 foco
3583 5198 3940 5261 exspectatur,
3987 5192 4272 5246 dummodo

603 5299 735 5351 haec
787 5312 884 5349 vox
935 5302 1080 5350 recte
1127 5295 1486 5362 intellegatur.
1569 5296 1687 5351 Non
1740 5302 1818 5349 est
1862 5298 1998 5350 euim
2051 5296 2270 5349 multam
2317 5302 2573 5351 statutam
2619 5296 2841 5365 solvere,
2887 5297 2979 5350 sed
3026 5296 3341 5365 simpliciter
3376 5296 3607 5349 muneris
3643 5295 3780 5361 gesti
3817 5308 4035 5347 examen
4072 5292 4268 5348 subire.

1037 5382 1053 5401 .
