4676 5806
2216 271 2412 386 '’⁰‘1‘8

531 545 928 613 continerent
989 545 1377 611 accusatoris
1441 545 1848 627 accusatique
1912 544 2168 610 nomina
2228 551 2295 609 et
2358 543 2613 624 crimen,
2678 542 2979 626 adjuncto
3042 547 3379 624 praeterea
3440 561 3680 626 poenae
3739 561 3988 625 genere,
4052 544 4220 630 quod

530 666 869 748 unicuique
933 665 1178 747 Justum
1240 662 1604 743 videbatur3
1678 683 1823 728 nam
1891 663 1955 728 in
2022 663 2141 728 hoc
2203 663 2544 729 statuendo
2617 680 2733 726 suo
2806 666 3138 727 accusator
3194 663 3424 744 agebat
3488 662 3751 729 arbitrio
3815 662 3941 745 (καὶ
4000 661 4221 747 τίμημα

533 783 1054 872 [ἐπιγραφμμενος
1073 787 1092 826 ¹
1147 785 1234 848 ὅτι
1279 783 1364 846 ἂν
1417 783 1584 868 αὐτῷ
1637 781 1831 870 δοκῇ).
1921 783 2150 864 Itaque
2196 783 2349 864 quin
2393 783 2557 848 tales
2602 800 2833 848 causae
2876 781 3043 848 inter
3090 783 3337 867 γραφάς
3375 781 3798 848 recensendae
3842 782 3991 863 sint,
4038 800 4224 847 nemo

530 907 654 972 erit
711 906 822 988 qui
879 905 1162 986 dubitet,
1223 904 1515 986 quamvis
1567 903 1754 971 facile
1808 903 2226 969 concedamus
2287 921 2507 968 earum
2562 903 2993 968 condicionem
3048 919 3171 965 non
3224 900 3411 981 plane
3464 900 3727 967 eandem
3780 901 3977 968 fuisse
4028 908 4225 984 atque

530 1031 886 1091 ceterarum
943 1024 1307 1108 hujusmodi
1363 1042 1716 1090 causarum.
1807 1023 2082 1090 Maxime
2141 1027 2357 1087 autem
2404 1041 2481 1087 ea
2524 1039 2594 1087 re
2640 1040 2679 1086 a
2720 1021 2982 1103 reliquis
3028 1019 3347 1102 differunt,
3400 1021 3573 1102 quod
3616 1021 4039 1104 euthynorum
4086 1025 4225 1086 erat

527 1144 594 1208 in
655 1145 920 1209 crimina
981 1145 1301 1227 inquirere
1353 1150 1422 1210 et
1474 1143 1553 1208 de
1611 1143 1706 1209 eis
1762 1142 2200 1226 praejudicare
2249 1139 2655 1225 (dvaxpc'veffl
2712 1148 2779 1206 et
2821 1139 3369 1224 καταγιγνώσκειν),
3428 1158 3554 1205 non
3598 1147 3738 1205 erat
3782 1147 4114 1206 accusatos
4158 1141 4222 1205 in

522 1263 833 1344 Judicium
895 1263 1298 1329 introducere
1362 1261 1690 1346 (εῑςάγειν).
1793 1261 2034 1327 Causas
2098 1262 2263 1328 enim
2329 1262 2613 1343 privatas
2673 1260 2996 1343 judicibus
3058 1261 3188 1326 illis
3244 1261 3684 1342 quadraginta,
3748 1261 3858 1342 qui
3915 1267 4225 1327 vocantur

528 1382 584 1444 οἱ
617 1383 772 1445 κατὰ
809 1380 1044 1469 δήμους,
1083 1382 1440 1464 tradebant,
1481 1399 1624 1446 cum
1661 1381 2108 1463 magistratum
2145 1399 2319 1446 reum
2360 1399 2503 1446 esse
2541 1381 3000 1463 judicaverant,
3046 1379 3331 1462 publicas
3368 1386 3583 1446 autem
3631 1381 3713 1446 ad
3756 1379 4221 1448 thesmothetas

529 1501 915 1570 deferebant.
1005 1502 1216 1568 Unum
1261 1502 1326 1567 in
1370 1501 1470 1568 his
1515 1500 1884 1567 Aristotelis
1930 1501 2140 1566 verbis
2186 1501 2451 1566 dubium
2494 1505 2711 1583 potest
2752 1519 2911 1581 esse,
2968 1500 3285 1582 quomodo
3328 1501 3559 1566 lacuna
3602 1501 3717 1567 col.
3764 1501 3962 1582 XXV,
4010 1521 4067 1568 v.
4117 1503 4218 1567 52.

529 1622 616 1687 sit
662 1621 969 1704 explenda
1017 1622 1119 1704 (cf.
1167 1621 1459 1705 Sandysii
1504 1621 1764 1704 adnot).
1787 1686 1816 1711 .

839 1741 1002 1819 Quid
1059 1741 1224 1806 enim
1279 1741 1627 1825 ἀναγράφει
1675 1739 1793 1806 hoc
1837 1739 1975 1805 loco
2021 1738 2351 1822 significet,
2398 1757 2523 1806 non
2566 1740 2725 1806 satis
2770 1739 3085 1822 intellego.
3176 1741 3272 1806 De
3316 1738 3649 1826 ἐγγράφειν
3692 1741 3884 1810 verbo
3930 1741 4219 1823 quamvis

527 1862 593 1925 in
653 1861 962 1944 ejusmodi
1017 1863 1208 1950 rebus
1267 1879 1459 1944 saepe
1523 1866 1829 1944 usurpato
1887 1865 2226 1944 propterea
2283 1859 2705 1925 dubitandum
2764 1875 2906 1926 esse
2964 1859 3275 1941 existimo,
3335 1859 3507 1941 quod
3562 1859 3803 1941 alioqui
3849 1878 4097 1942 semper
4139 1860 4217 1925 de

527 1981 1013 2064 magistratibus
1065 1981 1224 2063 ipsis
1269 1980 1549 2046 rationes
1592 1979 1938 2046 reddituris
1983 1985 2050 2045 et
2095 1979 2228 2045 sive
2273 1980 2675 2062 conjunctum
2730 1995 2875 2043 cum
2916 1976 3088 2058 λόγον
3133 1977 3232 2043 vel
3275 1977 3535 2046 εὐθύνας
3572 1979 3705 2044 sive
3749 1978 3922 2045 nullo
3970 1979 4213 2061 objecto

529 2100 824 2184 apposito
885 2101 1138 2184 legitur.
1239 2099 1480 2167 Dubito
1542 2119 1624 2164 an
1686 2099 1957 2165 maxime
2015 2099 2491 2165 commendetur
2550 2097 2873 2182 ἐπιγράφει
2937 2100 3319 2182 comparatis
3381 2097 3537 2182 legis
3600 2099 3927 2182 cujusdam
3987 2099 4216 2180 verbis,

528 2239 694 2303 quae
748 2221 916 2302 apud
964 2219 1340 2286 Aeschinem
1388 2218 1464 2301 (I,
1521 2219 1629 2299 35)
1683 2218 2108 2284 inveniuntur.
2128 2217 2154 2260 ³
2242 2217 2368 2283 Sed
2412 2218 2569 2283 haec
2615 2217 2826 2283 omnia
2870 2237 2995 2282 non
3040 2217 3335 2285 videntur
3379 2217 3687 2301 sufficere,
3742 2227 3817 2284 ut
3858 2219 4221 2284 litterarum

525 2341 592 2405 in
659 2359 902 2423 papyro
973 2339 1430 2405 exstinctarum
1493 2338 1770 2421 spatium
1841 2343 2011 2404 recte
2084 2337 2442 2420 expleatur;
2516 2343 2737 2404 contra
2807 2355 2969 2420 quae
3035 2339 3238 2422 primo
3300 2341 3700 2420 conjecerant
3758 2316 4089 2406 Kaibelius
4156 2346 4221 2406 et

527 2459 1066 2540 Wilamowitzius,
1144 2459 1334 2543 hujus
1409 2459 1600 2541 spatii
1672 2457 1830 2524 fines
1903 2458 2232 2524 excedunt.
2341 2459 2431 2521 Ac
2504 2455 2777 2522 fortasse
2850 2457 3006 2522 certi
3084 2459 3428 2540 quidquam
3503 2458 3703 2524 statui
3776 2459 3881 2524 vix
3953 2459 4217 2541 poterit;

527 2580 888 2662 putaverim
935 2579 1228 2661 equidem
1275 2579 1402 2644 tale
1448 2579 1602 2661 quid
1647 2578 1955 2659 scriptum
1999 2575 2198 2644 fuisse
2242 2577 2431 2658 quale
2474 2577 2929 2661 μετεπιγράφει.

833 2699 932 2765 De
991 2697 1133 2780 ipsa
1195 2705 1411 2764 autem
1481 2715 1552 2762 re
1607 2697 1919 2781 judicium
1980 2702 2226 2762 certum
2301 2700 2429 2761 est:
2500 2713 2643 2760 cum
2707 2700 3083 2777 acceperant
3144 2695 3613 2763 thesmothetae
3675 2697 3975 2780 scriptam
4038 2716 4219 2763 accu-

528 2817 862 2898 sationem,
926 2837 1118 2884 causa
1174 2819 1268 2884 eis
1327 2816 1724 2900 praesidibus
1785 2815 2036 2881 redibat
2087 2816 2153 2880 in
2201 2815 2532 2898 judicium.
2632 2815 2704 2880 In
2764 2814 3075 2899 ejusmodi
3133 2815 3555 2898 euthynarum
3614 2817 3822 2884 causis
3880 2815 4222 2901 πρόαλησιν

527 2934 725 3003 fuisse
779 2938 1199 3004 necessariam
1246 2937 1494 3003 monuit
1537 2936 1791 3019 Lipsius
1837 2937 1972 3002 Att.
2020 2936 2198 3002 Proc.
2247 2954 2308 3016 p.
2360 2938 2397 2997 7
2404 2938 2503 3002 84.
2594 2935 2890 3003 Ceterum
2952 2936 3278 3018 synegoris
3334 2936 3605 3018 publicis
3651 2954 3809 3018 opus
3854 2954 3977 3001 non
4022 2934 4221 3001 fuisse

524 3058 590 3121 in
647 3062 869 3139 aperto
930 3064 1056 3136 est3
1125 3076 1271 3123 nam
1331 3056 1408 3137 ei,
1473 3055 1581 3137 qui
1641 3055 1724 3121 ad
1783 3055 2093 3137 euthynos
2153 3072 2288 3119 rem
2348 3055 2706 3135 rettulerat,
2770 3055 2965 3121 etiam
3024 3057 3191 3138 apud
3246 3057 3497 3139 judices
3557 3054 3945 3121 accusatoris
4002 3060 4219 3136 partes

527 3182 710 3241 erant
754 3176 1056 3259 agendae.

833 3296 1062 3361 Restat
1123 3314 1343 3375 unum,
1408 3295 1472 3359 in
1535 3313 1660 3376 quo
1720 3295 1801 3360 ab
1863 3294 2008 3359 aliis
2070 3294 2571 3360 dissentiendum
2634 3312 2776 3362 esse
2828 3297 3012 3363 nobis
3055 3296 3367 3363 videatur.
3475 3295 3991 3363 Wilamowitzius
4054 3296 4220 3361 enim

526 3416 645 3499 (II,
710 3418 863 3498 243)
931 3415 1161 3482 statuit
1215 3415 1679 3481 thesmothetas
1735 3433 1962 3481 causas
2017 3415 2097 3481 ab
2153 3414 2451 3496 euthynis
2506 3416 2850 3481 instructas
2896 3416 3143 3499 sibique
3197 3417 3467 3483 traditas
3520 3415 3859 3499 repudiare
3913 3414 4217 3497 potuisse.

525 3536 771 3601 Nititur
833 3537 968 3603 sine
1031 3535 1223 3604 dubio
1287 3538 1424 3617 ejus
1487 3535 1806 3601 sententia
1864 3534 2076 3602 verbis
2138 3532 2246 3597 ἐὰν
2309 3535 2770 3619 παραλάβωσιν.
2874 3537 3072 3618 Atqui
3131 3537 3373 3603 nullum
3434 3537 3580 3603 novi
3642 3535 4028 3617 exemplum,
4092 3551 4217 3617 quo

526 3663 700 3721 certo
770 3656 976 3739 possit
1046 3655 1466 3722 demonstrari
1532 3655 1794 3720 verbum
1863 3654 2374 3737 παραλαμβάνειν
2446 3654 2611 3721 idem
2686 3654 3040 3737 significare
3112 3676 3187 3722 ac
3258 3663 3549 3722 nostrum
3616 3656 4035 3737 ,annehmen‘,
4106 3653 4219 3719 sed

533 3793 802 3858 semper,
852 3780 1161 3857 quantum
1195 3773 1513 3857 intellego,
1561 3776 1700 3856 ejus
1735 3774 1914 3839 verbi
1951 3773 2267 3839 sententia
2317 3777 2419 3839 est
2454 3774 2539 3854 ,in
2574 3773 2887 3857 Empfang
2931 3776 3239 3858 nehmen‘,
3286 3776 3591 3841 traditum
3638 3775 3876 3857 aliquid
3914 3775 4217 3857 accipere,

527 3895 704 3961 velut
747 3912 1011 3978 regnum
1057 3894 1432 3959 hereditatis
1480 3895 1626 3976 Jure
1670 3893 1892 3959 talia.⁴
1979 3894 2070 3959 Ac
2125 3893 2180 3959 si
2233 3898 2531 3976 putemus
2586 3894 3037 3960 thesmothetis
3092 3894 3155 3959 in
3200 3894 3449 3975 integro
3494 3892 3712 3976 fuisse,
3772 3899 3985 3960 utrum
4032 3912 4219 3960 accu-

529 4016 810 4082 sationes
871 4014 1118 4081 delatas
1173 4012 1529 4095 reciperent
1583 4031 1664 4079 an
1717 4020 2107 4096 recusarent,
2170 4014 2590 4097 euthynorum
2646 4032 2907 4097 prorsus
2951 4012 3163 4079 nullus
3208 4012 3403 4079 fuerit
3444 4032 3617 4080 usus.
3708 4015 3989 4095 Accedit,
4050 4013 4216 4096 quod

524 4154 872 4218 numquam
931 4134 1394 4201 thesmothetas
1447 4133 1734 4199 videmus
1791 4133 2036 4216 legibus
2098 4134 2461 4217 obstrictoS,
2524 4141 2599 4200 ut
2651 4140 2827 4199 certa
2880 4134 3191 4216 quaedam
3250 4134 3723 4201 accusationum
3775 4154 4007 4218 genera
4062 4133 4215 4201 reci·

524 4261 778 4339 perent;
837 4260 908 4320 at
960 4254 1036 4319 de
1089 4253 1386 4335 euthynis
1439 4252 1596 4319 illud
1651 4253 1970 4319 interdum
2032 4251 2274 4320 factum
2335 4273 2476 4321 esse
2534 4253 2867 4319 titulorum
2923 4252 3303 4320 testimoniis
3362 4254 3799 4336 comperimus.
3882 4254 3958 4319 Id
4002 4262 4219 4321 autem

523 4374 765 4441 frustra
821 4373 1188 4440 institutum
1245 4379 1436 4454 esset,
1497 4374 1550 4438 si
1609 4372 2058 4439 thesmothetis
2117 4372 2409 4440 licuisset
2465 4394 2579 4441 suo
2638 4374 2902 4441 arbitrio
2962 4374 3039 4440 de
3096 4374 3305 4440 causis
3358 4374 3422 4439 in
3479 4373 3787 4457 Judicium
3834 4374 4218 4441 deducendis

525 4500 832 4561 statuere.

533 4620 701 4627 ---
762 4619 905 4624 ——-
971 4617 1136 4623 --—-—--

833 4667 850 4699 1
891 4663 1280 4732 ἐπιγράφεσθαι
1315 4662 1536 4716 verbum
1574 4660 1640 4715 de
1676 4675 1742 4715 ea
1776 4676 1834 4715 re
1870 4661 2123 4719 sollemne
2159 4662 2375 4717 videtur
2408 4662 2599 4732 fuisse3
2637 4662 2705 4717 cf.
2743 4662 2967 4733 Sandys.
3004 4664 3061 4717 in
3099 4663 3280 4719 adnot.
3331 4662 3457 4718 wil.
3496 4664 3567 4731 11,
3604 4666 3718 4716 235.

835 4770 854 4801 ²
889 4765 1204 4836 ἀ[νακρίνας]
1253 4780 1288 4819 a
1335 4763 1522 4834 Lipsio
1560 4762 1886 4832 Waytioque
1931 4766 2238 4820 restitutum
2287 4766 2368 4820 ita
2414 4765 2628 4821 videtur
2675 4781 2840 4821 unum
2887 4766 3013 4821 huic
3060 4766 3181 4821 loco
3234 4772 3438 4836 aptum,
3492 4770 3553 4819 ut
3604 4764 3670 4817 de
3724 4780 3787 4819 eo
3842 4763 4217 4833 supplemento

524 4872 764 4927 dubitari
801 4886 910 4925 non
945 4869 1129 4939 possit

832 4975 854 5009 ³
891 4972 968 5027 Cf.
1005 4977 1293 5041 praeterea
1326 4973 1441 5026 Att.
1479 4970 1632 5026 Proc.
1671 4988 1722 5039 p.
1764 4972 1878 5024 213.

832 5080 854 5111 ⁴
893 5077 1035 5145 Apte
1089 5074 1240 5129 verbi
1292 5072 1721 5143 παραλαμβάνειν
1773 5088 1900 5127 usus
1951 5072 2084 5127 mihi
2137 5074 2351 5129 videtur
2400 5074 2666 5129 illustrari
2718 5074 2819 5143 eis,
2874 5090 3013 5143 quae
3067 5074 3122 5128 in
3169 5074 3521 5127 traditionum
3569 5072 3767 5127 tabulis
3814 5072 4091 5141 leguntur3
4146 5069 4217 5126 cf.

522 5178 786 5249 imprimis
815 5178 926 5231 CIA
964 5176 1035 5245 11,
1073 5179 1172 5231 809
1184 5176 1236 5244 b,
1271 5193 1316 5231 v.
1355 5179 1422 5229 46
1458 5190 1564 5244 sq.:
1610 5177 1738 5228 τάδε
1773 5176 2142 5245 παρελάβομεν
2177 5178 2260 5228 καὶ
2297 5176 2633 5243 ἁπελάβομεν
2670 5178 2827 5247 σκεύη
2864 5178 3039 5237 ξύλινα
3076 5178 3129 5229 ἐν
3164 5177 3407 5244 νεωρίοις,
3444 5174 3539 5229 ubi
3573 5176 3854 5230 manifesto
3891 5174 4216 5244 παραλαβεῖν

522 5288 604 5338 est
638 5283 713 5351 ,in
747 5281 1022 5353 Empfang
1057 5282 1319 5350 nahmen‘,
1357 5281 1643 5348 ἀπολαβεῖν
1679 5278 2027 5347 ,abnehmen‘.
