4676 5806
2157 314 2397 406 --13

511 531 720 613 fuisse,
779 537 1120 614 prepterea
1175 532 1380 596 minus
1436 531 1764 614 probabile
1815 538 1934 612 est,
1991 533 2160 614 quod
2209 552 2333 598 non
2388 553 2605 600 omnes
2660 536 3071 618 magistratus
3121 538 3464 603 secundum
3518 538 3720 604 tribus
3768 538 3965 604 creati
4011 544 4193 604 erant

507 671 709 734 neque
756 653 1010 716 omnino
1055 652 1336 717 tribuum
1382 652 1445 716 in
1491 651 1612 717 hac
1656 671 1726 716 re
1771 652 1936 717 ratio
1984 651 2204 718 habita
2246 654 2501 720 videtur
2544 674 2703 722 esse.

815 791 1239 855 Accusatores
1275 789 1338 852 in
1377 789 1795 871 euthynarum
1833 789 2039 854 causis
2079 795 2144 854 et
2180 810 2219 855 a
2253 792 2585 875 PS.-Lysia
2619 813 2713 877 eo,
2761 813 2946 876 quem
2986 814 3181 878 supra
3214 796 3683 878 adscripsimus,
3728 797 3867 863 lece
3904 797 4044 879 XX,
4090 801 4188 863 10.

509 915 575 974 et
627 909 707 973 ab
759 909 1061 974 Aeschine
1106 908 1222 986 III,
1269 911 1326 974 9.
1387 913 1973 988 commemorantur,
2029 910 2120 974 ita
2175 916 2404 993 tamen,
2464 917 2537 978 ut
2590 917 2762 978 certo
2818 914 3145 997 dijudicari
3204 920 3497 997 nequeat,
3554 921 3769 980 utrum
3824 917 4060 998 publici
4112 937 4192 982 an

509 1029 740 1112 privati
785 1035 1188 1094 accusatores
1235 1028 1636 1111 intellegendi
1681 1029 1826 1094 sint.
1917 1029 2298 1097 Rectissime
2343 1039 2559 1098 autem
2602 1035 2855 1116 Lipsius
2903 1036 3036 1100 Att.
3082 1036 3257 1101 Proc.
3306 1056 3363 1118 p.
3413 1039 3557 1118 264,
3605 1056 3661 1100 n.
3716 1038 3855 1103 174.
3908 1036 4192 1102 homines

511 1149 790 1231 privatos
847 1149 1286 1216 accusationes
1347 1149 1428 1212 ad
1485 1149 1750 1230 legistas
1809 1150 2114 1216 detulisse
2168 1152 2614 1219 Demosthenis
2672 1154 2809 1220 loco
2869 1155 3143 1236 quodam
3200 1155 3553 1236 probavit.¹
3641 1155 3821 1233 Quod
3878 1156 4043 1220 enim
4102 1157 4191 1221 ibi

509 1269 738 1350 legitur
791 1267 1069 1337 εἷςελθεῖν
1121 1267 1208 1336 εἷς
1257 1268 1426 1352 ὑμᾶς,
1483 1269 1522 1333 i.
1570 1288 1624 1334 e.
1685 1269 1748 1332 in
1796 1268 2080 1352 judicum
2121 1270 2480 1352 jiiratorum
2519 1274 2828 1356 judicium
2871 1275 3205 1356 introduci,
3253 1275 3335 1339 ad
3378 1293 3517 1340 eam
3564 1275 3874 1340 actionem
3920 1275 4194 1342 refertur

509 1389 858 1472 aptissime,
891 1407 1050 1470 quae
1081 1387 1277 1454 fiebat
1307 1389 1369 1452 in
1393 1389 1632 1472 Judicie
1662 1390 2060 1471 praesidibus
2091 1390 2359 1472 legistis
2413 1393 2523 1460 Eis
2555 1412 2826 1476 quoque,
2859 1413 3021 1475 quae
3054 1394 3397 1460 Aeschines
3428 1395 3579 1459 fecit
3602 1395 3807 1478 (Dem.
3834 1393 4004 1477 XIX,
4033 1398 4187 1460 211:

507 1506 861 1591 προσελθὼν
901 1507 1165 1595 Αἰσχίνης
1197 1507 1389 1570 οὑτοσὶ
1427 1511 1542 1576 τοῖς
1571 1508 1863 1590 λογισταῖς
1894 1506 2054 1596 ἔχων
2084 1511 2411 1597 μάρτυρας
2445 1513 2688 1583 πολλοὺς
2716 1515 3057 1601 ἀπηγόρευε
3090 1517 3175 1601 μὴ
3218 1515 3417 1578 καλεῖν
3450 1515 3558 1599 ἐμὲ
3595 1513 3683 1584 εἷς
3714 1514 3776 1576 τὸ
3810 1513 4191 1602 δικαστήριον

508 1630 594 1696 ὡς
642 1626 946 1690 δεδωκότα
999 1627 1256 1696 εὐθύνας
1302 1629 1402 1691 καὶ
1455 1629 1558 1691 οὐκ
1601 1626 1742 1691 ὄντα
1786 1628 2138 1712 ὑπεύθυνον)
2187 1631 2607 1699 demonstrari
2651 1636 2923 1715 quodam
2970 1635 3156 1701 mode
3201 1639 3415 1717 potest
3458 1633 3717 1714 legistas
3762 1633 3827 1698 in
3870 1634 4189 1700 rationum

511 1748 792 1812 examine
863 1749 1250 1815 instituendo
1326 1749 1718 1831 privatorum
1791 1766 2044 1831 operam
2115 1769 2238 1815 non
2309 1753 2803 1834 repudiavisse.²
2906 1755 3021 1820 His
3094 1756 3283 1820 rebus
3356 1755 3676 1837 omnibus,
3750 1772 3909 1835 quas
3981 1753 4190 1819 adhuc

509 1869 823 1950 persecuti
877 1888 1114 1950 sumUS,
1169 1869 1442 1952 peractis
1497 1868 1762 1950 legistae
1817 1869 2228 1952 magistratus
2284 1872 2349 1936 in
2398 1873 2703 1954 jndicium
2748 1875 3235 1941 introducebant
3288 1875 3493 1956 statiS,
3552 1879 3623 1939 ut
3668 1873 4021 1954 putandum
4067 1879 4187 1956 est,

506 1990 606 2055 vel
659 1988 910 2054 indictis
965 1991 1206 2070 diebus,
1262 1995 1336 2054 ut
1389 2009 1622 2072 emneS,
1678 2009 1948 2072 quorum
2003 2008 2108 2056 res
2163 1997 2523 2074 agerentur,
2582 2000 2837 2076 praesto
2893 2013 3032 2060 esse
3076 2001 3353 2077 possent.
3446 1993 3510 2059 Si
3555 1994 3725 2076 qued
3768 1998 3959 2058 antea
4003 2013 4187 2074 prae-

501 2108 808 2190 judicium
871 2109 1104 2173 factum
1173 2115 1290 2190 est,
1354 2109 1624 2188 legistae
1687 2108 1842 2174 illud
1903 2108 2236 2192 faciebant,
2301 2131 2443 2194 non,
2508 2113 2587 2179 de
2648 2115 2877 2196 quibus
2936 2115 3016 2180 ab
3076 2115 3219 2180 aliis
3280 2114 3630 2196 cogitatum
3692 2119 3808 2193 est,
3875 2113 4184 2196 synegori.

509 2229 816 2294 Videntur
877 2229 1072 2294 etiam
1131 2229 1418 2311 legistae,
1483 2229 1650 2294 sicut
1705 2230 1783 2295 de
1841 2230 1981 2296 aliis
2043 2229 2325 2311 collegiis
2389 2234 2801 2316 (praetorum,
2867 2235 3373 2315 nautodicarum)
3434 2238 3705 2315 constat,
3771 2253 3897 2298 una
3947 2233 4185 2317 judicie

506 2348 926 2430 praesedisse,
992 2349 1114 2414 etsi
1177 2367 1338 2413 unus
1402 2349 1536 2414 sine
1599 2349 1790 2417 dubio
1855 2351 2166 2430 praesidis
2229 2370 2489 2417 mune-re
2550 2353 2951 2436 fungebatur.
3054 2353 3178 2420 Sed
3234 2353 3419 2436 plane
3479 2353 3834 2420 inauditum
3880 2353 4185 2419 Wilamo·

503 2469 706 2532 witzio
751 2467 833 2549 H,
881 2471 1024 2535 232.
1073 2469 1278 2534 visum
1324 2475 1423 2534 est
1465 2469 1548 2549 id,
1595 2470 1766 2551 quod
1810 2469 2094 2551 plerique
2131 2473 2567 2553 grammatici³
2611 2475 2890 2556 tradunt,
2946 2475 3121 2555 ipses
3165 2474 3430 2556 legistas
3468 2472 3709 2558 judicia
3754 2472 3876 2538 sibi
3920 2473 4185 2539 sortitos

503 2607 660 2655 esse.
752 2590 882 2654 Nec
940 2609 1055 2655 nos
1118 2589 1553 2673 dissentimuS,
1614 2590 1734 2656 nisi
1793 2591 1955 2655 forte
2013 2597 2232 2673 putas,
2291 2592 2359 2657 id
2418 2612 2669 2676 quoque
2724 2594 2805 2659 ad
2858 2593 3285 2676 antiquiorum
3336 2597 3694 2676 temporum
3749 2611 3985 2658 merem
4042 2611 4185 2659 esse

504 2709 915 2775 referendum.
1006 2711 1103 2776 De
1148 2711 1340 2777 rebus
1383 2711 1446 2774 in
1491 2711 1632 2792 ipso
1671 2711 1912 2794 judicio
1957 2712 2116 2777 actis
2172 2711 2473 2794 pleraque
2519 2713 2701 2780 nobis
2749 2716 3111 2796 conjectura
3156 2713 3504 2795 colligenda
3548 2719 3698 2778 sunt
3741 2731 3945 2794 neque
3995 2713 4185 2779 certis

506 2847 756 2911 semper
821 2829 1202 2913 testimoniis
1265 2834 1534 2912 possunt
1596 2830 1968 2896 confirmari.
2080 2831 2315 2897 Tamen
2380 2851 2483 2917 ea,
2558 2851 2723 2916 quae
2790 2832 3072 2915 proxime
3140 2832 3221 2897 ad
3282 2831 3797 2914 probabilitatem
3859 2833 4181 2916 accedant,

504 2948 853 3031 significare
891 2952 1026 3034 jam
1072 2951 1456 3017 conabimur.

806 3088 1224 3171 Magistratus
1283 3087 1497 3170 igitur,
1559 3088 1938 3171 quicumque
1997 3090 2268 3171 scriptas
2328 3090 2577 3173 legistis
2636 3093 3030 3159 tradiderant
3074 3092 3373 3175 rationeS,
3434 3090 3710 3174 singulos
3768 3097 4068 3174 putamus
4119 3092 4183 3156 in

498 3210 802 3291 judicium
839 3210 1232 3275 introductos
1271 3226 1430 3291 esse,
1479 3214 1545 3274 et
1581 3210 1658 3274 de
1704 3208 1964 3291 singulis
2009 3227 2261 3291 quoque
2307 3211 2388 3276 ab
2434 3230 2528 3292 eo,
2576 3212 2686 3294 qui
2728 3212 3139 3295 praesideret,
3185 3212 3419 3295 legista.
3458 3211 3705 3295 judices
3753 3212 3833 3277 ad
3878 3210 4185 3293 suffragia

507 3346 646 3392 esse
691 3330 1010 3394 νοοειιοεῑ.4
1097 3330 1456 3411 Antequam
1508 3330 1573 3395 id
1617 3328 1816 3411 fieret,
1877 3336 1990 3395 aut
2033 3329 2333 3411 probatas
2382 3331 2501 3395 sibi
2548 3349 2687 3397 esse
2732 3333 3141 3416 magistratus
3186 3334 3247 3397 in
3295 3350 3555 3398 examen
3600 3332 3856 3399 deducti
3902 3333 4183 3411 rationes

505 3448 771 3529 legistae
849 3448 1284 3532 declarabant,
1353 3457 1465 3515 ant
1544 3468 1996 3533 synegororum
2072 3449 2260 3515 alicui
2333 3451 2747 3535 mandabant,
2822 3458 2897 3517 ut
2961 3451 3519 3534 praevaricationis
3586 3451 3763 3516 illum
3828 3459 4179 3520 accusaret.

501 3569 842 3635 Praeterea
895 3575 1044 3634 tunc
1101 3570 1371 3635 foitasse
1431 3575 1682 3652 tempus
1742 3576 1880 3633 erat
1936 3588 2310 3651 praeconem
2371 3590 2545 3637 more
2602 3574 2912 3656 majerum
2970 3572 3380 3654 interrogare,
3440 3590 3591 3636 num
3652 3572 3795 3653 quis
3850 3577 4182 3637 accusator

501 3688 691 3755 vellet
761 3690 1050 3756 existere.
1157 3690 1320 3755 Nam
1388 3709 1550 3772 quae
1613 3689 1814 3755 altera
1881 3690 2025 3757 huic
2093 3690 2185 3755 rei
2254 3692 2630 3758 conveniens
2699 3692 2964 3774 cogitari
3030 3692 3235 3775 possit
3296 3692 3560 3772 eccesie,
3630 3692 3993 3774 conjectura
4057 3709 4180 3757 non

498 3809 912 3889 assequimur.
1020 3809 1079 3874 N
1084 3828 1162 3874 011
1231 3827 1378 3873 vero
1445 3808 1600 3875 illud
1664 3810 2068 3892 praeconium
2142 3813 2220 3875 ad
2289 3811 2459 3877 solos
2522 3813 2771 3895 judices
2846 3811 3225 3895 pertinuisse
3301 3812 3652 3894 putandum
3720 3815 3846 3891 est,
3920 3810 4032 3876 sed
4098 3812 4182 3877 ad

500 3947 746 4008 omneS,
824 3930 931 4009 qui
994 3929 1234 4012 judicie
1307 3930 1662 3996 adfuerunt.
1774 3929 2068 4012 Magnam
2143 3931 2306 3997 enim
2376 3933 2767 3999 audientium
2842 3951 3135 3999 ceronam
3212 3933 3421 3998 causis
3496 3930 3792 4014 publicis,
3867 3931 4179 4013 imprimis

498 4048 922 4131 euthynarum
969 4049 1242 4130 judiciis,
1299 4050 1624 4115 adstitisse
1679 4052 2034 4132 complures
2089 4058 2411 4118 oratorum
2467 4052 2588 4119 loci
2642 4054 2887 4120 decent.
2907 4055 2931 4097 ⁵
3016 4053 3176 4133 Quin
3228 4053 3419 4119 etiam
3466 4052 3533 4117 id
3576 4070 3949 4134 persuasum
3996 4053 4179 4119 nobis

499 4176 600 4235 est
653 4188 776 4235 non
832 4166 1035 4233 solum
1093 4168 1362 4251 civibus,
1428 4171 1538 4235 sed
1593 4168 1785 4234 etiam
1843 4169 1982 4236 aliis
2037 4172 2366 4253 quibusvis
2422 4194 2785 4241 concessum
2847 4174 3069 4257 fuisse,
3136 4179 3208 4240 ut
3262 4172 3674 4256 magistratus
3732 4173 4177 4257 hypeuthynos

503 4380 641 4387 ..-——.—-

807 4496 826 4529 1
860 4494 1006 4562 XIX,
1043 4498 1090 4549 2.
1130 4494 1238 4561 πρὶν
1284 4494 1385 4564 γὰρ
1430 4493 1675 4555 skama-a·
1719 4494 1794 4554 εἰς
1837 4494 1972 4559 ὑμᾶς
2003 4497 2084 4549 καὶ
2122 4495 2276 4566 λόγον
2311 4498 2485 4551 δοῦναι
2522 4504 2621 4552 τῶν
2656 4500 3027 4569 πεπραγμένων
3076 4501 3157 4553 τὸν
3189 4499 3285 4565 μὲν
3322 4500 3541 4574 ἀνῄρηκε
3577 4503 3675 4552 τῶν
3712 4500 3792 4552 ἐπὶ
3829 4498 3921 4559 τὰς
3953 4498 4181 4559 εὐθύνας

501 4596 770 4659 ἐλθόντων,
807 4601 918 4657 τοῖς
950 4600 996 4650 δ’
1034 4597 1234 4651 ἀπειλεῖ
1263 4598 1478 4667 περιιών.

805 4722 824 4750 ²
861 4716 941 4769 De
977 4716 1324 4787 sycophantia
1359 4718 1414 4771 in
1449 4718 1859 4787 magistratuum
1895 4718 2146 4788 euthynis
2181 4720 2421 4787 grassari
2456 4721 2628 4775 solitis
2665 4720 2767 4775 vid.
2806 4722 2921 4775 Att·
2956 4720 3112 4777 Proc.
3151 4724 3266 4777 265.

804 4837 825 4870 ²³
860 4836 982 4891 Non
1007 4840 1147 4892 enim
1170 4838 1336 4893 solius
1360 4836 1541 4891 Photii
1567 4837 1890 4893 auctoritate
1913 4838 2048 4895 haec
2075 4839 2336 4907 nituntur,
2375 4840 2575 4910 quippe
2612 4856 2750 4909 quae
2785 4841 3037 4910 legantur
3072 4841 3234 4897 etiam
3268 4842 3325 4895 in
3359 4840 3463 4896 lex.
3492 4842 3709 4909 Seguer.
3740 4842 3803 4897 V.
3841 4842 4011 4897 Bekk.
4042 4846 4175 4913 2453

500 4937 638 4992 unde
676 4945 856 4993 cetera
892 4939 1061 5008 (Suid.
1099 4940 1272 5011 Etym.
1311 4940 1386 4995 M.
1424 4940 1602 4995 Schel.
1640 4940 1894 4997 Aeschin.
1930 4941 2030 5010 111,
2071 4942 2153 5012 16)
2191 4941 2409 4997 fluxisse
2446 4943 2707 4999 existimo·

801 5061 824 5093 ⁴
860 5059 967 5115 Ubi
1001 5060 1178 5113 nullus
1213 5061 1585 5116 inveniebatur
1621 5066 1920 5129 accusator,
1956 5076 2094 5115 unus
2128 5062 2359 5118 fortasse
2394 5080 2493 5132 pro
2532 5064 2777 5120 omnibus
2812 5064 3127 5133 suffragium
3164 5062 3387 5119 ferebat.

803 5182 824 5215 ⁵
859 5179 934 5234 cf.
973 5182 1264 5250 praecipue
1299 5183 1420 5251 Lys.
1457 5181 1686 5248 XXVII,
1723 5184 1780 5239 7:
1823 5183 2004 5250 ἥκουσι
2047 5184 2108 5236 δὲ
2152 5185 2383 5245 πάντες
2424 5186 2473 5237 οἱ
2506 5187 2571 5238 τὰ
2608 5191 2701 5257 τῆς
2735 5186 2937 5246 πόλεως
2969 5186 3277 5255 πράττοντες
3313 5186 3418 5257 οὐχ
3451 5186 3595 5257 ἡμῶν
3630 5186 4018 5256 ἀκροασόμενοι,
4057 5187 4173 5241 ἀλλ’

498 5280 631 5343 ὑμᾶς
663 5283 914 5349 εἰσόμενοι
950 5286 1118 5356 ἥντινα
1153 5284 1358 5357 γνώμην
1395 5286 1506 5357 περὶ
1541 5290 1638 5339 τῶν
1676 5286 1980 5337 ἀδικούντων
2013 5286 2174 5349 ἕξετε.
