4676 5806
464 550 588 616 Ἀθ.
635 550 778 632 48);
837 547 950 611 κᾶν
1003 571 1088 616 τις
1133 547 1420 632 βούληταί
1471 569 1573 608 τινε
1629 551 1743 608 τῶν
1798 547 1924 615 τὰς
1975 544 2290 614 εὐθύνας
2340 543 2413 606 ἐν
2472 547 2565 628 τῷ
2623 540 3069 630 ὃικαστὴρῖῳ
3127 541 3548 606 δεδωκότων
3601 542 3765 612 ἐντὸς
3812 543 3865 624 γ’
3909 543 4160 628 ἡμερῶν

466 671 569 754 ἀφ’
618 669 688 756 ἧς
728 667 959 731 ἔδωκε
1005 667 1129 736 τὰς
1167 666 1480 735 εὐθύνας
1518 665 1924 732 awanam...
1972 664 2353 748 ἐμβαλέσθαι
2399 682 2454 729 e.
2502 683 2559 746 q.
2608 683 2657 730 S.

779 805 902 870 Sed
940 807 1074 887 jam
1111 810 1319 870 totum
1365 804 1483 869 hoc
1529 809 1722 885 caput
1765 802 2243 884 perlustremus.
2319 802 2682 884 Accipimus
2730 801 2925 866 denos
2971 800 3311 882 quotannis
3356 801 3668 882 euthynos
3714 805 3887 866 sorte
3931 799 4157 868 ductos

467 945 630 1006 esse,
691 925 970 1006 singulos
1029 943 1105 990 ex
1164 924 1430 1004 singulis
1490 923 1800 990 tribubus,
1891 923 2127 987 Eorum
2189 922 2587 987 sortitionem
2648 939 2687 984 a
2732 923 2960 985 senatu
3004 917 3237 985 factam
3263 931 3429 986 'esse
3475 919 3809 1017 verborum
3858 926 4158 987 contextu

471 1062 812 1127 rerumque
857 1045 1021 1108 serie
1068 1041 1358 1108 efficitur.
1451 1043 1629 1121 Quod
1676 1049 1891 1108 autem
1939 1041 2083 1107 Wil.
2131 1041 2212 1121 ΙΙ,
2263 1043 2404 1106 234.
2467 1042 2737 1122 putabat
2780 1045 3107 1104 senatores
3154 1058 3263 1105 eos
3307 1040 3480 1122 ipsos
3526 1058 3777 1122 quoque
3822 1038 4037 1122 fuisse,
4094 1041 4159 1106 id

469 1169 644 1229 certe
685 1180 809 1228 non
855 1163 1076 1228 eadem
1122 1159 1499 1226 confidentia
1543 1163 1746 1227 audeo
1791 1159 2126 1227 affirmare.
2217 1160 2416 1224 Deest
2460 1161 2625 1224 enim
2680 1161 2745 1224 in
2790 1159 3205 1225 describenda
3248 1160 3670 1242 euthynorum
3717 1160 4047 1226 sortitione
4092 1159 4167 1232 ἐξ

469 1283 682 1356 αὐτῶν,
742 1281 912 1365 quod
969 1299 1215 1364 paragr.
1277 1281 1566 1363 praeced.
1633 1281 1710 1346 de
1773 1281 2019 1362 legistis
2079 1281 2419 1345 senatoriis
2478 1285 2853 1362 usurpatum
2911 1278 3207 1360 legimus;
3272 1284 3491 1344 contra
3548 1279 3636 1345 ibi
3698 1280 4003 1345 omissum
4060 1286 4161 1344 est

469 1402 576 1466 ἕνα
629 1401 700 1464 ἐκ
754 1407 858 1489 τῆς
903 1401 1109 1487 φυλῆς;
1171 1420 1556 1483 quamquam
1614 1419 1737 1466 non
1797 1401 2154 1482 negandum
2209 1405 2365 1481 puto
2421 1399 2612 1483 φυλάς
2662 1399 2853 1463 etiam
2912 1399 2990 1463 de
3045 1404 3305 1464 senatus
3349 1399 3639 1481 partibus
3685 1399 3970 1481 potuisse
4016 1399 4160 1466 dici.

472 1521 694 1603 Itaque
739 1519 900 1585 hanc
947 1537 1078 1585 rem
1125 1539 1290 1585 nunc
1335 1519 1399 1584 in
1443 1521 1686 1586 incerto
1733 1520 2209 1601 relinquendam
2255 1537 2397 1584 esse
2444 1537 2687 1584 censeo.

775 1655 1096 1722 Differunt
1139 1656 1401 1738 euthyni
1445 1676 1484 1722 a
1528 1656 1817 1739 plurimis
1863 1657 2345 1739 magistratibus
2391 1674 2468 1720 ea
2512 1673 2599 1737 re,
2647 1655 2817 1736 quod
2854 1655 2983 1720 bini
3020 1653 3285 1735 singulis
3322 1673 3679 1720 assessores
3717 1659 3918 1736 erant,
3966 1655 4159 1720 etiam

481 1775 536 1840 ei
597 1782 767 1841 sorte
825 1776 1042 1842 creati.
1133 1775 1314 1854 Quod
1375 1794 1488 1842 cur
1545 1776 1782 1842 factum
1831 1777 1934 1859 sit,
1995 1776 2180 1842 facile
2227 1782 2328 1841 est
2371 1775 2452 1840 ad
2496 1773 3011 1854 intellegendum.
3100 1773 3397 1839 Judicum
3442 1775 3609 1838 enim
3654 1774 3930 1856 quodam
3975 1775 4162 1839 modo

479 1913 732 1961 munere
763 1893 1203 1976 fungebantur,
1242 1913 1467 1978 neque,
1507 1896 1656 1978 quin
1688 1896 2155 1978 antiquioribus
2186 1895 2578 1977 temporibus
2612 1894 2804 1958 latius
2836 1911 3055 1958 eorum
3084 1899 3372 1975 potestas
3404 1893 3704 1976 patuerit,
3744 1893 4163 1959 dubitandum

474 2015 631 2080 mihi
690 2015 946 2095 quidem
991 2014 1260 2080 videtur.
1353 2016 1804 2081 Assessoribus
1861 2016 2060 2096 igitur
2119 2015 2438 2098 adjunctis
2495 2015 2970 2097 prohibebatur,
3030 2032 3107 2078 ne
3167 2032 3246 2078 ex
3301 2031 3427 2078 uuo
3484 2014 3793 2096 judicium
3837 2014 4161 2096 penderet.

475 2134 810 2200 Debebunt
870 2133 1100 2214 singuli
1161 2153 1302 2200 cum
1366 2135 1796 2200 assessoribus
1861 2135 1994 2201 suis
2062 2136 2322 2217 euthyni
2386 2135 2451 2199 in
2517 2135 2653 2200 foro
2716 2135 2796 2198 ad
2856 2133 3135 2213 singulas
3192 2133 3455 2198 heroum
3518 2151 3989 2216 eponymorum,
4053 2133 4165 2215 qui

471 2255 862 2341 dicebantur,
924 2257 1172 2318 statuas
1233 2253 1413 2335 (κατὰ
1469 2256 1566 2316 τὸν
1617 2253 1948 2338 ἐπώνυμον)
2007 2253 2354 2335 considere,
2417 2273 2491 2319 eo
2546 2255 2715 2319 haud
2760 2253 2947 2320 dubie
2994 2252 3270 2334 consilio,
3336 2257 3408 2318 ut
3451 2254 3790 2335 unicuique
3835 2251 4165 2317 tribulium

468 2373 673 2440 facilis
727 2374 807 2438 ad
861 2391 1046 2438 suum
1101 2373 1446 2454 euthynum
1505 2375 1717 2440 aditus
1771 2379 2040 2458 pateret.
2132 2373 2256 2439 Sed
2311 2374 2464 2456 quid
2515 2373 2670 2438 illud
2725 2378 2854 2441 ταῖς
2901 2370 3219 2458 ἀ[γορ]αῖς,
3276 2373 3444 2454 quod
3489 2373 3551 2436 in
3599 2372 3814 2437 codice
3860 2372 4165 2453 scriptum

468 2493 665 2558 fuisse
721 2511 888 2557 nunc
950 2509 1165 2558 omnes
1223 2491 1356 2558 fere
1413 2493 1817 2559 consentiunt
1874 2493 1978 2576 (cf.
2028 2493 2256 2560 Kaibel
2298 2495 2338 2560 l.
2388 2494 2426 2560 l.
2476 2493 2620 2560 Wil.
2667 2494 2750 2575 II,
2798 2492 2970 2574 235),
3032 2492 3151 2556 sibi
3199 2491 3370 2573 velit,
3434 2511 3559 2557 non
3603 2492 3696 2557 ita
3738 2491 3921 2556 facile
3966 2491 4167 2572 expli-

475 2618 670 2680 catur.
762 2613 858 2677 De
914 2612 1240 2678 tribulium
1297 2613 1698 2680 concionibus
1755 2613 2024 2696 cogitari
2077 2631 2200 2678 non
2256 2633 2444 2696 posse
2498 2613 2652 2678 mihi
2698 2631 2898 2696 paene
2947 2618 3190 2678 certum
3234 2618 3354 2692 est,
3417 2631 3576 2694 quas
3621 2613 3685 2676 in
3731 2612 3866 2678 foro
3912 2611 4171 2677 habitas

477 2751 595 2798 non
657 2749 800 2798 esse
861 2732 1217 2798 rectissime
1275 2732 1798 2799 Wilamowitzius
1861 2733 2210 2801 adnotavit.
2317 2732 2541 2814 Neque
2604 2733 2951 2815 quidquam
3027 2749 3101 2796 eo
3174 2729 3531 2812 proficitur,
3606 2732 3777 2813 quod
3840 2731 4176 2799 Kaibelius

477 2854 726 2934 putavit
760 2851 905 2919 illas
951 2852 1280 2918 conciones
1318 2851 1522 2919 solum
1569 2852 1650 2918 ad
1695 2861 1947 2936 tempus
1993 2851 2417 2920 definiendum
2461 2853 2581 2919 hoc
2628 2853 2765 2919 loco
2811 2851 3147 2931 nominari;
3194 2870 3339 2917 nam
3386 2851 3693 2934 temporis
3738 2849 4167 2917 definitionem

473 2975 536 3037 in
580 2974 690 3055 eis,
739 2990 902 3054 quae
948 2977 1321 3053 sequuntur,
1369 2971 1696 3038 habemus.
1775 2974 2002 3054 Itaque
2047 2992 2195 3051 una,
2245 2992 2408 3054 quae
2455 2974 2709 3055 quidem
2748 2972 2953 3039 adhuc
2998 2972 3257 3038 inventa
3302 2972 3405 3053 sit,
3453 2972 3607 3037 mihi
3644 2972 3897 3038 videtur
3943 2972 4171 3037 idonea

473 3112 614 3159 esse
666 3094 883 3176 reique
941 3092 1064 3174 ipsi
1119 3091 1453 3157 convenire
1501 3090 1964 3156 Wilamowitzii
2017 3092 2481 3174 interpretatiO,
2543 3112 2706 3175 quae
2759 3093 2915 3158 haec
2970 3098 3097 3157 est:
3158 3093 3223 3157 in
3268 3092 3389 3156 den
3434 3090 3721 3157 Stunden
3766 3092 3877 3157 des
3924 3092 4169 3156 Markt-

479 3210 796 3293 verkehrs,
842 3230 1226 3294 quamquam
1273 3211 1564 3291 exempla
1609 3216 1779 3294 apta,
1827 3212 2056 3293 quibus
2102 3211 2205 3277 hic
2251 3211 2543 3277 vocabuli
2590 3230 2743 3277 usus
2789 3210 3162 3291 illustretur,
3210 3228 3331 3275 non
3380 3216 3530 3275 sunt
3572 3211 3637 3275 in
3682 3218 4001 3293 promptu.

787 3349 1095 3415 Proximis
1157 3350 1366 3416 verbis
1432 3349 1769 3413 edocemur
1829 3351 2269 3415 accusationes
2330 3350 2501 3430 apud
2563 3349 2873 3431 euthynos
2930 3366 3052 3413 non
3116 3366 3449 3414 concessas
3502 3346 3699 3413 fuisse
3754 3348 3875 3412 nisi
3930 3348 3993 3411 in
4040 3365 4171 3428 eoS,

480 3466 585 3546 qui
647 3472 834 3533 antea
894 3468 1216 3533 rationum
1272 3468 1738 3533 reddendarum
1797 3486 1990 3533 causa
2046 3469 2112 3533 in
2163 3467 2475 3551 judicium
2534 3468 2878 3534 introducti
2938 3476 3178 3548 essent;
3248 3487 3375 3549 qua
3434 3468 3512 3533 de
3572 3486 3641 3531 re
3699 3486 3891 3549 supra
3946 3468 4172 3549 paucis

477 3583 956 3667 disputavimus,
1047 3588 1135 3651 At
1189 3584 1327 3651 fieri
1379 3586 1483 3650 vix
1544 3587 1798 3669 poterit,
1859 3587 2012 3668 quin
2076 3588 2380 3670 temporis
2440 3588 2949 3653 accusationibus
3008 3586 3135 3653 illis
3196 3586 3423 3652 statuti
3482 3584 3785 3665 definitio,
3846 3604 4009 3668 quae
4066 3585 4169 3650 hic

475 3704 791 3770 invenitur
827 3704 1015 3783 (ἐντὸς
1047 3706 1100 3787 γ’
1136 3706 1384 3791 ἡμερῶν
1429 3706 1532 3789 ἀφ’
1579 3705 1650 3793 ἧς
1687 3702 1882 3769 ἔδωκε
1927 3708 2036 3775 τὰς
2076 3708 2335 3777 εὐθύνας
2374 3726 2459 3773 sc.
2506 3707 2721 3795 ἅρχων
2766 3709 2871 3789 τις)
2921 3706 3380 3772 dubitationem
3417 3711 3689 3771 moveat.
3775 3706 4169 3787 Quamquam

475 3825 551 3890 de
601 3826 654 3905 γ’
701 3825 764 3889 in
809 3825 856 3885 λ’
903 3826 1210 3891 mutando
1255 3845 1378 3892 non
1428 3826 1808 3909 cogitamus3
1872 3828 2165 3892 videntur
2209 3829 2374 3892 enim
2420 3833 2553 3893 tres
2600 3828 2733 3893 dies
2779 3826 2905 3892 illis
2949 3826 3139 3891 rebus
3186 3824 3701 3891 administrandis
3749 3824 3906 3889 satis
3951 3822 4169 3891 fuisse.

475 3944 714 4007 Tamen
773 3946 1178 4009 statuendum
1242 3963 1383 4010 esse
1439 3946 1810 4011 crediderim
1856 3946 2266 4012 Aristotelem
2311 3948 2430 4013 hoc
2475 3947 2615 4012 loco
2660 3947 2867 4011 minus
2914 3952 3210 4012 accurate
3264 3946 3546 4010 locutum
3594 3964 3754 4009 esse.
3845 3943 4171 4022 Quomodo

474 4064 642 4127 enim
703 4060 912 4125 animo
955 4063 1135 4129 nobis
1181 4062 1481 4145 effingere
1525 4084 1864 4147 possumus
1923 4066 2236 4149 euthynos
2296 4066 2513 4131 decem
2575 4066 2771 4132 ternis
2831 4066 3053 4131 diebus
3112 4072 3259 4148 post
3317 4064 3597 4145 singulos
3663 4082 3911 4146 semper
3973 4064 4172 4145 magi-

476 4188 716 4247 stratus
771 4179 1058 4263 Judicum
1119 4183 1378 4249 calculis
1437 4182 1764 4249 absolutos
1821 4183 1886 4247 in
1944 4184 2082 4249 foro
2145 4186 2548 4252 consedisse?
2636 4185 2709 4251 Id
2770 4185 3021 4250 omnino
3074 4182 3210 4249 fieri
3264 4202 3388 4248 non
3435 4183 3717 4265 potuisse
3766 4183 4170 4248 manifestum

477 4305 594 4365 est.
697 4300 1066 4367 Putaverim
1127 4302 1325 4383 igitur
1384 4302 1750 4369 Aristotelis
1814 4304 2009 4368 verba
2078 4306 2174 4369 ita
2247 4304 2672 4387 intellegenda
2734 4321 2901 4383 esse,
2972 4308 3045 4367 ut
3107 4301 3314 4366 tribus
3379 4300 3505 4367 illis
3570 4302 3793 4367 diebus
3859 4303 4173 4385 euthynos

476 4438 736 4515 munere
795 4421 1047 4487 functos
1105 4438 1245 4486 esse
1305 4428 1694 4503 statuamus,
1764 4423 1993 4504 quibus
2055 4424 2320 4505 triginta
2376 4424 2467 4489 illi
2526 4425 2770 4506 priores
2832 4422 3271 4504 exciperentur
3330 4422 3619 4489 omnibus
3679 4422 4171 4504 magistratuum

483 4539 779 4621 euthynis
837 4540 1106 4622 publicis
1162 4542 1511 4608 constituti.
1605 4543 1782 4621 Quod
1843 4545 2150 4626 temporis
2208 4544 2486 4626 spatium
2544 4564 2622 4609 ne
2668 4544 2768 4609 cui
2812 4544 2997 4609 nimis
3041 4543 3236 4609 breve
3278 4542 3589 4621 videatur,
3650 4542 4170 4607 considerandum

477 4664 577 4723 est
649 4660 986 4741 unicuique
1054 4659 1283 4726 civium
1353 4662 1483 4743 (vel
1555 4662 1747 4726 etiam
1817 4662 2178 4728 hominibus
2251 4664 2512 4747 exteris)
2577 4669 2821 4729 tantam
2882 4661 3323 4745 hypeuthynos
3397 4662 3736 4728 accusandi
3802 4660 4171 4727 facultatem

481 4796 843 4845 concessam
903 4778 1116 4863 fuisse,
1177 4783 1252 4843 ut
1309 4796 1433 4843 non
1496 4781 1575 4846 ab
1635 4781 1802 4845 omni
1860 4781 2314 4864 probabilitate
2373 4782 2715 4848 abhorreat
2770 4782 2931 4846 hanc
2990 4779 3306 4846 licentiam
3363 4782 3666 4862 temporis
3724 4786 3897 4847 certe
3942 4779 4173 4847 finibus

477 4899 952 4981 angustioribus
996 4917 1136 4965 esse
1180 4916 1558 4981 repressam.

786 5019 1008 5084 Paullo
1060 5019 1326 5101 pleniuS,
1389 5038 1576 5100 quam
1625 5020 1804 5102 solet,
1855 5020 2236 5085 Aristoteles
2283 5020 2493 5086 verbis
2539 5019 3018 5102 insequentibus
3065 5019 3389 5101 describit,
3446 5038 3573 5100 qua
3618 5020 3862 5085 ratione
3911 5020 4171 5102 euthyni

481 5156 704 5204 causas
765 5139 844 5202 ad
901 5157 969 5203 se
1027 5138 1270 5206 delatas
1335 5138 1769 5205 tractaverint.
1860 5139 1934 5205 Id
1993 5146 2330 5222 propterea
2390 5138 2629 5206 factum
2674 5158 2815 5207 esse
2860 5139 3167 5220 suspicor,
3228 5140 3396 5220 quod
3443 5140 3755 5221 ejusmodi
3802 5139 3969 5204 actio
4008 5140 4175 5221 juris

479 5258 676 5324 Attici
733 5258 870 5325 sine
927 5257 1118 5325 dubio
1173 5260 1430 5341 propria
1483 5264 1641 5325 erat.
1731 5258 1818 5323 Et
1868 5258 2143 5341 primum
2189 5258 2445 5339 quidem
2491 5260 2743 5343 scriptis
2790 5277 2949 5341 opus
2994 5264 3135 5324 erat
3178 5258 3653 5325 accusationum
3699 5257 3951 5339 libellis,
4010 5277 4175 5339 quae

3751 5363 3781 5409 a
