<?xml version="1.0" encoding="UTF-8"?>
<!DOCTYPE html PUBLIC "-//W3C//DTD XHTML 1.0 Transitional//EN"
    "http://www.w3.org/TR/xhtml1/DTD/xhtml1-transitional.dtd">
<html xmlns="http://www.w3.org/1999/xhtml" xml:lang="en" lang="en">
 <head>
  <title>
</title>
<meta http-equiv="Content-Type" content="text/html;charset=utf-8" />
  <meta name='ocr-system' content='tesseract 3.04.00' />
  <meta name='ocr-capabilities' content='ocr_page ocr_carea ocr_par ocr_line ocrx_word'/>
</head>
<body>
  <div class='ocr_page' id='page_1' title='image "./deatheniensiuml00kochgoog_0008.png"; bbox 0 0 4676 5806; ppageno 0'>
   <div class='ocr_carea' id='block_1_1' title="bbox 2192 410 2596 459">
    <p class='ocr_par' dir='ltr' id='par_1_1' title="bbox 2192 410 2596 459">
     <span class='ocr_line' id='line_1_1' title="bbox 2211 410 2557 455; baseline -0.003 -10"><span class='ocrx_word' id='word_1_1' title='bbox 2211 410 2362 455; x_wconf 66' lang='grc'><strong>“-.-,-“</strong></span> <span class='ocrx_word' id='word_1_2' title='bbox 2375 424 2557 444; x_wconf 40' lang='grc' dir='ltr'><strong>..ὴ-ΗΑ...»-</strong></span> 
     </span>
     <span class='ocr_line' id='line_1_2' title="bbox 2192 435 2596 459; baseline 0.002 -16"><span class='ocrx_word' id='word_1_3' title='bbox 2192 435 2230 459; x_wconf 80' lang='lat'><strong>&#39;&#39;¹&#39;-</strong></span> <span class='ocrx_word' id='word_1_4' title='bbox 2564 437 2596 444; x_wconf 74' lang='grc'><strong>..-</strong></span> 
     </span>
    </p>
   </div>
   <div class='ocr_carea' id='block_1_2' title="bbox 557 556 4242 1134">
    <p class='ocr_par' dir='ltr' id='par_1_2' title="bbox 557 556 4242 1134">
     <span class='ocr_line' id='line_1_3' title="bbox 562 556 4242 656; baseline 0.002 -24"><span class='ocrx_word' id='word_1_5' title='bbox 562 565 663 633; x_wconf 90' lang='lat' dir='ltr'><strong>cui</strong></span> <span class='ocrx_word' id='word_1_6' title='bbox 720 571 953 650; x_wconf 88' lang='lat' dir='ltr'><strong>tamen,</strong></span> <span class='ocrx_word' id='word_1_7' title='bbox 1024 562 1100 634; x_wconf 81' lang='lat' dir='ltr'><strong>ut</strong></span> <span class='ocrx_word' id='word_1_8' title='bbox 1163 577 1324 635; x_wconf 84' lang='lat' dir='ltr'><strong>nunc</strong></span> <span class='ocrx_word' id='word_1_9' title='bbox 1381 572 1782 654; x_wconf 86' lang='lat' dir='ltr'><strong>perspectum</strong></span> <span class='ocrx_word' id='word_1_10' title='bbox 1840 571 1958 653; x_wconf 87' lang='lat' dir='ltr'><strong>est,</strong></span> <span class='ocrx_word' id='word_1_11' title='bbox 2025 587 2150 636; x_wconf 89' lang='lat' dir='ltr'><strong>non</strong></span> <span class='ocrx_word' id='word_1_12' title='bbox 2213 571 2496 656; x_wconf 85' lang='lat' dir='ltr'><strong>contigit,</strong></span> <span class='ocrx_word' id='word_1_13' title='bbox 2560 576 2634 637; x_wconf 87' lang='lat' dir='ltr'><strong>ut</strong></span> <span class='ocrx_word' id='word_1_14' title='bbox 2690 587 2823 637; x_wconf 89' lang='lat' dir='ltr'><strong>rem</strong></span> <span class='ocrx_word' id='word_1_15' title='bbox 2884 568 3056 636; x_wconf 84' lang='lat' dir='ltr'><strong>recte</strong></span> <span class='ocrx_word' id='word_1_16' title='bbox 3114 556 3499 655; x_wconf 79' lang='lat' dir='ltr'><strong>expediret.1</strong></span> <span class='ocrx_word' id='word_1_17' title='bbox 3584 557 3811 640; x_wconf 80' lang='lat' dir='ltr'><strong>Elucet</strong></span> <span class='ocrx_word' id='word_1_18' title='bbox 3866 559 3991 640; x_wconf 81' lang='lat' dir='ltr'><strong>tria</strong></span> <span class='ocrx_word' id='word_1_19' title='bbox 4046 558 4242 640; x_wconf 80' lang='lat' dir='ltr'><strong>fuisse</strong></span> 
     </span>
     <span class='ocr_line' id='line_1_4' title="bbox 561 688 4239 774; baseline 0.002 -22"><span class='ocrx_word' id='word_1_20' title='bbox 561 689 878 755; x_wconf 89' lang='lat' dir='ltr'><strong>rationum</strong></span> <span class='ocrx_word' id='word_1_21' title='bbox 943 688 1192 754; x_wconf 84' lang='lat' dir='ltr'><strong>illarum</strong></span> <span class='ocrx_word' id='word_1_22' title='bbox 1258 708 1516 772; x_wconf 77' lang='lat' dir='ltr'><strong>genera3</strong></span> <span class='ocrx_word' id='word_1_23' title='bbox 1594 691 1867 774; x_wconf 90' lang='lat' dir='ltr'><strong>primum</strong></span> <span class='ocrx_word' id='word_1_24' title='bbox 1929 691 2208 756; x_wconf 88' lang='lat' dir='ltr'><strong>rationes</strong></span> <span class='ocrx_word' id='word_1_25' title='bbox 2282 691 2451 756; x_wconf 90' lang='lat' dir='ltr'><strong>intra</strong></span> <span class='ocrx_word' id='word_1_26' title='bbox 2526 692 2938 773; x_wconf 81' lang='lat' dir='ltr'><strong>magistratus</strong></span> <span class='ocrx_word' id='word_1_27' title='bbox 3011 693 3177 772; x_wconf 88' lang='lat' dir='ltr'><strong>gesti</strong></span> <span class='ocrx_word' id='word_1_28' title='bbox 3250 711 3483 758; x_wconf 90' lang='lat' dir='ltr'><strong>annum</strong></span> <span class='ocrx_word' id='word_1_29' title='bbox 3542 694 3825 760; x_wconf 89' lang='lat' dir='ltr'><strong>redditas</strong></span> <span class='ocrx_word' id='word_1_30' title='bbox 3896 695 4239 760; x_wconf 89' lang='lat' dir='ltr'><strong>secundum</strong></span> 
     </span>
     <span class='ocr_line' id='line_1_5' title="bbox 561 809 4239 895; baseline 0.002 -23"><span class='ocrx_word' id='word_1_31' title='bbox 561 809 842 890; x_wconf 87' lang='lat' dir='ltr'><strong>singulas</strong></span> <span class='ocrx_word' id='word_1_32' title='bbox 908 811 1264 894; x_wconf 85' lang='lat' dir='ltr'><strong>prytanias‚</strong></span> <span class='ocrx_word' id='word_1_33' title='bbox 1334 810 1557 875; x_wconf 88' lang='lat' dir='ltr'><strong>deinde</strong></span> <span class='ocrx_word' id='word_1_34' title='bbox 1576 864 1591 893; x_wconf 95' lang='lat'>‚</span> <span class='ocrx_word' id='word_1_35' title='bbox 1669 829 1832 891; x_wconf 88' lang='lat' dir='ltr'><strong>quae</strong></span> <span class='ocrx_word' id='word_1_36' title='bbox 1903 812 2160 894; x_wconf 90' lang='lat' dir='ltr'><strong>propria</strong></span> <span class='ocrx_word' id='word_1_37' title='bbox 2229 809 2689 892; x_wconf 84' lang='lat' dir='ltr'><strong>significatione</strong></span> <span class='ocrx_word' id='word_1_38' title='bbox 2754 811 3081 894; x_wconf 92' lang='lat' dir='ltr'><strong>dicuntur,</strong></span> <span class='ocrx_word' id='word_1_39' title='bbox 3143 813 3455 895; x_wconf 85' lang='lat' dir='ltr'><strong>euthynas</strong></span> <span class='ocrx_word' id='word_1_40' title='bbox 3518 813 3739 878; x_wconf 88' lang='lat' dir='ltr'><strong>statim</strong></span> <span class='ocrx_word' id='word_1_41' title='bbox 3802 821 3951 894; x_wconf 84' lang='lat' dir='ltr'><strong>post</strong></span> <span class='ocrx_word' id='word_1_42' title='bbox 4012 833 4239 879; x_wconf 90' lang='lat' dir='ltr'><strong>munus</strong></span> 
     </span>
     <span class='ocr_line' id='line_1_6' title="bbox 559 929 4239 1016; baseline 0.002 -24"><span class='ocrx_word' id='word_1_43' title='bbox 559 929 918 1010; x_wconf 91' lang='lat' dir='ltr'><strong>depositum</strong></span> <span class='ocrx_word' id='word_1_44' title='bbox 973 931 1321 1012; x_wconf 88' lang='lat' dir='ltr'><strong>institutas,</strong></span> <span class='ocrx_word' id='word_1_45' title='bbox 1377 934 1769 1012; x_wconf 84' lang='lat' dir='ltr'><strong>postremum</strong></span> <span class='ocrx_word' id='word_1_46' title='bbox 1819 931 2152 997; x_wconf 84' lang='lat' dir='ltr'><strong>sollemnes</strong></span> <span class='ocrx_word' id='word_1_47' title='bbox 2208 949 2433 997; x_wconf 80' lang='lat' dir='ltr'><strong>causas</strong></span> <span class='ocrx_word' id='word_1_48' title='bbox 2486 932 2551 996; x_wconf 92' lang='lat' dir='ltr'><strong>in</strong></span> <span class='ocrx_word' id='word_1_49' title='bbox 2608 950 2718 996; x_wconf 92' lang='lat' dir='ltr'><strong>eos</strong></span> <span class='ocrx_word' id='word_1_50' title='bbox 2764 933 3198 1013; x_wconf 82' lang='lat' dir='ltr'><strong>magistratuS,</strong></span> <span class='ocrx_word' id='word_1_51' title='bbox 3246 933 3354 1013; x_wconf 90' lang='lat' dir='ltr'><strong>qui</strong></span> <span class='ocrx_word' id='word_1_52' title='bbox 3391 935 3527 1016; x_wconf 89' lang='lat' dir='ltr'><strong>jam</strong></span> <span class='ocrx_word' id='word_1_53' title='bbox 3572 933 3636 996; x_wconf 92' lang='lat' dir='ltr'><strong>in</strong></span> <span class='ocrx_word' id='word_1_54' title='bbox 3674 934 3915 1016; x_wconf 87' lang='lat' dir='ltr'><strong>judicio</strong></span> <span class='ocrx_word' id='word_1_55' title='bbox 3959 934 4239 998; x_wconf 83' lang='lat' dir='ltr'><strong>rationes</strong></span> 
     </span>
     <span class='ocr_line' id='line_1_7' title="bbox 557 1047 3644 1134; baseline 0.002 -22"><span class='ocrx_word' id='word_1_56' title='bbox 557 1047 984 1132; x_wconf 75' lang='lat' dir='ltr'><strong>reddiderant,</strong></span> <span class='ocrx_word' id='word_1_57' title='bbox 1031 1050 1449 1132; x_wconf 84' lang='lat' dir='ltr'><strong>euthynorum</strong></span> <span class='ocrx_word' id='word_1_58' title='bbox 1496 1069 1688 1133; x_wconf 89' lang='lat' dir='ltr'><strong>opera</strong></span> <span class='ocrx_word' id='word_1_59' title='bbox 1731 1051 2027 1116; x_wconf 84' lang='lat' dir='ltr'><strong>intentas.</strong></span> <span class='ocrx_word' id='word_1_60' title='bbox 2118 1051 2295 1116; x_wconf 89' lang='lat' dir='ltr'><strong>Haec</strong></span> <span class='ocrx_word' id='word_1_61' title='bbox 2338 1050 2459 1117; x_wconf 92' lang='lat' dir='ltr'><strong>hoc</strong></span> <span class='ocrx_word' id='word_1_62' title='bbox 2506 1051 2722 1117; x_wconf 82' lang='lat' dir='ltr'><strong>ordine</strong></span> <span class='ocrx_word' id='word_1_63' title='bbox 2770 1051 3051 1116; x_wconf 89' lang='lat' dir='ltr'><strong>breviter</strong></span> <span class='ocrx_word' id='word_1_64' title='bbox 3092 1052 3285 1117; x_wconf 89' lang='lat' dir='ltr'><strong>liceat</strong></span> <span class='ocrx_word' id='word_1_65' title='bbox 3329 1053 3644 1134; x_wconf 87' lang='lat' dir='ltr'><strong>persequi.</strong></span> 
     </span>
    </p>
   </div>
   <div class='ocr_carea' id='block_1_3' title="bbox 2370 1275 2421 1340">
    <p class='ocr_par' dir='ltr' id='par_1_3' title="bbox 2370 1275 2421 1340">
     <span class='ocr_line' id='line_1_8' title="bbox 2370 1275 2421 1340; baseline 0 0"><span class='ocrx_word' id='word_1_66' title='bbox 2370 1275 2421 1340; x_wconf 94' lang='grc' dir='ltr'><strong>Ι.</strong></span> 
     </span>
    </p>
   </div>
   <div class='ocr_carea' id='block_1_4' title="bbox 544 1411 4235 4375">
    <p class='ocr_par' dir='ltr' id='par_1_4' title="bbox 544 1411 4235 2935">
     <span class='ocr_line' id='line_1_9' title="bbox 863 1411 4235 1495; baseline 0 -19"><span class='ocrx_word' id='word_1_67' title='bbox 863 1411 1065 1478; x_wconf 83' lang='lat' dir='ltr'><strong>Penes</strong></span> <span class='ocrx_word' id='word_1_68' title='bbox 1125 1420 1414 1478; x_wconf 90' lang='lat' dir='ltr'><strong>senatum</strong></span> <span class='ocrx_word' id='word_1_69' title='bbox 1473 1431 1785 1478; x_wconf 89' lang='lat' dir='ltr'><strong>summam</strong></span> <span class='ocrx_word' id='word_1_70' title='bbox 1827 1411 2022 1478; x_wconf 86' lang='lat' dir='ltr'><strong>fuisse</strong></span> <span class='ocrx_word' id='word_1_71' title='bbox 2083 1411 2282 1477; x_wconf 91' lang='lat' dir='ltr'><strong>totius</strong></span> <span class='ocrx_word' id='word_1_72' title='bbox 2340 1413 2434 1478; x_wconf 91' lang='lat' dir='ltr'><strong>rei</strong></span> <span class='ocrx_word' id='word_1_73' title='bbox 2492 1411 2781 1495; x_wconf 89' lang='lat' dir='ltr'><strong>publicae</strong></span> <span class='ocrx_word' id='word_1_74' title='bbox 2826 1412 3077 1478; x_wconf 87' lang='lat' dir='ltr'><strong>Atticae</strong></span> <span class='ocrx_word' id='word_1_75' title='bbox 3134 1411 3671 1478; x_wconf 83' lang='lat' dir='ltr'><strong>administrandae</strong></span> <span class='ocrx_word' id='word_1_76' title='bbox 3722 1431 3907 1477; x_wconf 85' lang='lat' dir='ltr'><strong>nemo</strong></span> <span class='ocrx_word' id='word_1_77' title='bbox 3971 1419 4071 1477; x_wconf 88' lang='lat' dir='ltr'><strong>est</strong></span> <span class='ocrx_word' id='word_1_78' title='bbox 4128 1413 4235 1494; x_wconf 90' lang='lat' dir='ltr'><strong>qui</strong></span> 
     </span>
     <span class='ocr_line' id='line_1_10' title="bbox 556 1529 4235 1617; baseline 0 -22"><span class='ocrx_word' id='word_1_79' title='bbox 556 1529 821 1612; x_wconf 84' lang='lat' dir='ltr'><strong>ignoret.</strong></span> <span class='ocrx_word' id='word_1_80' title='bbox 927 1531 1154 1614; x_wconf 90' lang='lat' dir='ltr'><strong>Itaque</strong></span> <span class='ocrx_word' id='word_1_81' title='bbox 1213 1533 1572 1615; x_wconf 87' lang='lat' dir='ltr'><strong>quicunque</strong></span> <span class='ocrx_word' id='word_1_82' title='bbox 1631 1535 1958 1616; x_wconf 89' lang='lat' dir='ltr'><strong>pecuniam</strong></span> <span class='ocrx_word' id='word_1_83' title='bbox 2018 1535 2334 1617; x_wconf 89' lang='lat' dir='ltr'><strong>publicam</strong></span> <span class='ocrx_word' id='word_1_84' title='bbox 2394 1532 2923 1598; x_wconf 85' lang='lat' dir='ltr'><strong>administrabant</strong></span> <span class='ocrx_word' id='word_1_85' title='bbox 2980 1529 3079 1598; x_wconf 87' lang='lat' dir='ltr'><strong>vel</strong></span> <span class='ocrx_word' id='word_1_86' title='bbox 3134 1537 3459 1598; x_wconf 88' lang='lat' dir='ltr'><strong>senatores</strong></span> <span class='ocrx_word' id='word_1_87' title='bbox 3504 1532 3605 1597; x_wconf 87' lang='lat' dir='ltr'><strong>vel</strong></span> <span class='ocrx_word' id='word_1_88' title='bbox 3658 1533 4071 1613; x_wconf 84' lang='lat' dir='ltr'><strong>magistratus</strong></span> <span class='ocrx_word' id='word_1_89' title='bbox 4128 1532 4235 1596; x_wconf 89' lang='lat' dir='ltr'><strong>alii</strong></span> 
     </span>
     <span class='ocr_line' id='line_1_11' title="bbox 553 1649 4234 1734; baseline 0.001 -20"><span class='ocrx_word' id='word_1_90' title='bbox 553 1649 655 1714; x_wconf 87' lang='lat' dir='ltr'><strong>vel</strong></span> <span class='ocrx_word' id='word_1_91' title='bbox 698 1650 949 1733; x_wconf 87' lang='lat' dir='ltr'><strong>privati,</strong></span> <span class='ocrx_word' id='word_1_92' title='bbox 1007 1652 1125 1717; x_wconf 88' lang='lat' dir='ltr'><strong>sub</strong></span> <span class='ocrx_word' id='word_1_93' title='bbox 1170 1660 1427 1718; x_wconf 90' lang='lat' dir='ltr'><strong>senatus</strong></span> <span class='ocrx_word' id='word_1_94' title='bbox 1473 1652 1762 1718; x_wconf 85' lang='lat' dir='ltr'><strong>custodia</strong></span> <span class='ocrx_word' id='word_1_95' title='bbox 1806 1660 1989 1719; x_wconf 86' lang='lat' dir='ltr'><strong>erant</strong></span> <span class='ocrx_word' id='word_1_96' title='bbox 2034 1672 2270 1719; x_wconf 83' lang='lat' dir='ltr'><strong>omnes,</strong></span> <span class='ocrx_word' id='word_1_97' title='bbox 2360 1653 2710 1734; x_wconf 87' lang='lat' dir='ltr'><strong>Propterea</strong></span> <span class='ocrx_word' id='word_1_98' title='bbox 2754 1654 2816 1716; x_wconf 90' lang='lat' dir='ltr'><strong>in</strong></span> <span class='ocrx_word' id='word_1_99' title='bbox 2864 1651 3067 1718; x_wconf 89' lang='lat' dir='ltr'><strong>titulis</strong></span> <span class='ocrx_word' id='word_1_100' title='bbox 3112 1653 3465 1718; x_wconf 86' lang='lat' dir='ltr'><strong>invenimus</strong></span> <span class='ocrx_word' id='word_1_101' title='bbox 3510 1653 3923 1733; x_wconf 85' lang='lat' dir='ltr'><strong>magistratus</strong></span> <span class='ocrx_word' id='word_1_102' title='bbox 3970 1653 4049 1718; x_wconf 95' lang='lat' dir='ltr'><strong>ob</strong></span> <span class='ocrx_word' id='word_1_103' title='bbox 4096 1671 4234 1718; x_wconf 89' lang='lat' dir='ltr'><strong>eam</strong></span> 
     </span>
     <span class='ocr_line' id='line_1_12' title="bbox 554 1770 4234 1863; baseline 0.001 -29"><span class='ocrx_word' id='word_1_104' title='bbox 554 1789 689 1835; x_wconf 90' lang='lat' dir='ltr'><strong>rem</strong></span> <span class='ocrx_word' id='word_1_105' title='bbox 746 1770 1057 1846; x_wconf 87' lang='lat' dir='ltr'><strong>laudatos,</strong></span> <span class='ocrx_word' id='word_1_106' title='bbox 1117 1771 1286 1853; x_wconf 89' lang='lat' dir='ltr'><strong>quod</strong></span> <span class='ocrx_word' id='word_1_107' title='bbox 1343 1771 1504 1838; x_wconf 89' lang='lat' dir='ltr'><strong>bene</strong></span> <span class='ocrx_word' id='word_1_108' title='bbox 1554 1774 1856 1863; x_wconf 77' lang='lat' dir='ltr'><strong>justeque</strong></span> <span class='ocrx_word' id='word_1_109' title='bbox 1916 1773 2165 1839; x_wconf 89' lang='lat' dir='ltr'><strong>senatui</strong></span> <span class='ocrx_word' id='word_1_110' title='bbox 2224 1774 2302 1839; x_wconf 92' lang='lat' dir='ltr'><strong>de</strong></span> <span class='ocrx_word' id='word_1_111' title='bbox 2362 1773 2553 1837; x_wconf 91' lang='lat' dir='ltr'><strong>rebus</strong></span> <span class='ocrx_word' id='word_1_112' title='bbox 2611 1771 2928 1838; x_wconf 89' lang='lat' dir='ltr'><strong>mandatis</strong></span> <span class='ocrx_word' id='word_1_113' title='bbox 2973 1772 3251 1838; x_wconf 88' lang='lat' dir='ltr'><strong>rationes</strong></span> <span class='ocrx_word' id='word_1_114' title='bbox 3296 1771 3747 1837; x_wconf 89' lang='lat' dir='ltr'><strong>reddidissent:</strong></span> <span class='ocrx_word' id='word_1_115' title='bbox 3818 1771 3936 1838; x_wconf 68' lang='lat' dir='ltr'><strong>Cu</strong></span> <span class='ocrx_word' id='word_1_116' title='bbox 3980 1772 4062 1852; x_wconf 93' lang='lat' dir='ltr'><strong>II,</strong></span> <span class='ocrx_word' id='word_1_117' title='bbox 4112 1773 4234 1836; x_wconf 81' lang='lat'><strong>329</strong></span> 
     </span>
     <span class='ocr_line' id='line_1_13' title="bbox 555 1889 4233 1978; baseline -0 -23"><span class='ocrx_word' id='word_1_118' title='bbox 555 1891 663 1972; x_wconf 87' lang='lat' dir='ltr'><strong>(de</strong></span> <span class='ocrx_word' id='word_1_119' title='bbox 697 1897 1034 1973; x_wconf 82' lang='lat' dir='ltr'><strong>quaestore</strong></span> <span class='ocrx_word' id='word_1_120' title='bbox 1073 1891 1344 1973; x_wconf 85' lang='lat' dir='ltr'><strong>quodam</strong></span> <span class='ocrx_word' id='word_1_121' title='bbox 1376 1893 1660 1974; x_wconf 87' lang='lat' dir='ltr'><strong>senatus)</strong></span> <span class='ocrx_word' id='word_1_122' title='bbox 1690 1893 1846 1977; x_wconf 82' lang='grc' dir='ltr'><em>ὑπὲρ</em></span> <span class='ocrx_word' id='word_1_123' title='bbox 1881 1894 2160 1957; x_wconf 76' lang='grc' dir='ltr'><em>ἁπάντων</em></span> <span class='ocrx_word' id='word_1_124' title='bbox 2204 1889 2288 1955; x_wconf 86' lang='grc' dir='ltr'><em>ὧν</em></span> <span class='ocrx_word' id='word_1_125' title='bbox 2330 1891 2705 1978; x_wconf 72' lang='grc' dir='ltr'><em>ςύκονόμηιιεν</em></span> <span class='ocrx_word' id='word_1_126' title='bbox 2749 1891 3189 1974; x_wconf 75' lang='grc' dir='ltr'><em>ιὶπολελόγισται</em></span> <span class='ocrx_word' id='word_1_127' title='bbox 3235 1896 3303 1978; x_wconf 79' lang='grc' dir='ltr'><strong>τῇ</strong></span> <span class='ocrx_word' id='word_1_128' title='bbox 3346 1889 3535 1978; x_wconf 77' lang='grc' dir='ltr'><em>βουλῄ</em></span> <span class='ocrx_word' id='word_1_129' title='bbox 3580 1891 3786 1976; x_wconf 68' lang='grc' dir='ltr'><em>ὀρθῶς</em></span> <span class='ocrx_word' id='word_1_130' title='bbox 3824 1892 3924 1954; x_wconf 75' lang='grc' dir='ltr'><strong>καὶ</strong></span> <span class='ocrx_word' id='word_1_131' title='bbox 3968 1891 4233 1973; x_wconf 56' lang='grc' dir='ltr'><em>δικαίως</em></span> 
     </span>
     <span class='ocr_line' id='line_1_14' title="bbox 553 2008 4231 2094; baseline 0.001 -20"><span class='ocrx_word' id='word_1_132' title='bbox 553 2008 626 2076; x_wconf 90' lang='lat' dir='ltr'><strong>cf.</strong></span> <span class='ocrx_word' id='word_1_133' title='bbox 675 2011 822 2077; x_wconf 90' lang='lat' dir='ltr'><strong>ibid.</strong></span> <span class='ocrx_word' id='word_1_134' title='bbox 869 2015 1015 2092; x_wconf 85' lang='lat'><strong>467,</strong></span> <span class='ocrx_word' id='word_1_135' title='bbox 1072 2031 1129 2076; x_wconf 87' lang='lat' dir='ltr'><strong>v.</strong></span> <span class='ocrx_word' id='word_1_136' title='bbox 1170 2014 1250 2076; x_wconf 88' lang='grc'><strong>89</strong></span> <span class='ocrx_word' id='word_1_137' title='bbox 1309 2011 1412 2094; x_wconf 92' lang='lat' dir='ltr'><strong>(de</strong></span> <span class='ocrx_word' id='word_1_138' title='bbox 1468 2013 1857 2093; x_wconf 87' lang='lat' dir='ltr'><strong>epheborum</strong></span> <span class='ocrx_word' id='word_1_139' title='bbox 1913 2013 2250 2094; x_wconf 86' lang='lat' dir='ltr'><strong>cosmeta);</strong></span> <span class='ocrx_word' id='word_1_140' title='bbox 2307 2018 2422 2077; x_wconf 89' lang='lat' dir='ltr'><strong>aut</strong></span> <span class='ocrx_word' id='word_1_141' title='bbox 2471 2011 2778 2094; x_wconf 88' lang='lat' dir='ltr'><strong>jubentur</strong></span> <span class='ocrx_word' id='word_1_142' title='bbox 2830 2012 3087 2093; x_wconf 91' lang='lat' dir='ltr'><strong>quidam</strong></span> <span class='ocrx_word' id='word_1_143' title='bbox 3142 2012 3302 2078; x_wconf 88' lang='lat' dir='ltr'><strong>tales</strong></span> <span class='ocrx_word' id='word_1_144' title='bbox 3355 2010 3593 2077; x_wconf 85' lang='lat' dir='ltr'><strong>referre</strong></span> <span class='ocrx_word' id='word_1_145' title='bbox 3648 2013 3927 2078; x_wconf 85' lang='lat' dir='ltr'><strong>rationes</strong></span> <span class='ocrx_word' id='word_1_146' title='bbox 3982 2012 4099 2078; x_wconf 79' lang='lat' dir='ltr'><strong>CIA</strong></span> <span class='ocrx_word' id='word_1_147' title='bbox 4150 2013 4231 2094; x_wconf 91' lang='lat'><strong>11,</strong></span> 
     </span>
     <span class='ocr_line' id='line_1_15' title="bbox 553 2131 4232 2215; baseline 0.001 -21"><span class='ocrx_word' id='word_1_148' title='bbox 553 2131 706 2208; x_wconf 82' lang='lat'>403;</span> <span class='ocrx_word' id='word_1_149' title='bbox 755 2133 899 2198; x_wconf 86' lang='lat'><strong>404.</strong></span> <span class='ocrx_word' id='word_1_150' title='bbox 975 2133 1064 2196; x_wconf 90' lang='lat' dir='ltr'><strong>At</strong></span> <span class='ocrx_word' id='word_1_151' title='bbox 1093 2150 1216 2195; x_wconf 89' lang='lat' dir='ltr'><strong>non</strong></span> <span class='ocrx_word' id='word_1_152' title='bbox 1253 2149 1361 2198; x_wconf 89' lang='lat' dir='ltr'><strong>eos</strong></span> <span class='ocrx_word' id='word_1_153' title='bbox 1393 2133 1616 2215; x_wconf 89' lang='lat' dir='ltr'><strong>solum,</strong></span> <span class='ocrx_word' id='word_1_154' title='bbox 1663 2134 1771 2214; x_wconf 90' lang='lat' dir='ltr'><strong>qui</strong></span> <span class='ocrx_word' id='word_1_155' title='bbox 1803 2140 2062 2198; x_wconf 88' lang='lat' dir='ltr'><strong>senatus</strong></span> <span class='ocrx_word' id='word_1_156' title='bbox 2100 2134 2285 2214; x_wconf 86' lang='lat' dir='ltr'><strong>jnssu</strong></span> <span class='ocrx_word' id='word_1_157' title='bbox 2316 2137 2601 2214; x_wconf 89' lang='lat' dir='ltr'><strong>egerunt,</strong></span> <span class='ocrx_word' id='word_1_158' title='bbox 2649 2131 2759 2197; x_wconf 90' lang='lat' dir='ltr'><strong>sed</strong></span> <span class='ocrx_word' id='word_1_159' title='bbox 2799 2132 2880 2197; x_wconf 87' lang='lat' dir='ltr'><strong>ad</strong></span> <span class='ocrx_word' id='word_1_160' title='bbox 2927 2153 3119 2198; x_wconf 91' lang='lat' dir='ltr'><strong>unum</strong></span> <span class='ocrx_word' id='word_1_161' title='bbox 3164 2151 3381 2198; x_wconf 88' lang='lat' dir='ltr'><strong>omnes</strong></span> <span class='ocrx_word' id='word_1_162' title='bbox 3427 2133 3841 2215; x_wconf 86' lang='lat' dir='ltr'><strong>magistratus</strong></span> <span class='ocrx_word' id='word_1_163' title='bbox 3888 2134 4232 2199; x_wconf 90' lang='lat' dir='ltr'><strong>secundum</strong></span> 
     </span>
     <span class='ocr_line' id='line_1_16' title="bbox 554 2249 4233 2335; baseline 0.001 -21"><span class='ocrx_word' id='word_1_164' title='bbox 554 2249 830 2332; x_wconf 87' lang='lat' dir='ltr'><strong>singulas</strong></span> <span class='ocrx_word' id='word_1_165' title='bbox 895 2251 1218 2332; x_wconf 85' lang='lat' dir='ltr'><strong>prytanias</strong></span> <span class='ocrx_word' id='word_1_166' title='bbox 1281 2252 1590 2335; x_wconf 87' lang='lat' dir='ltr'><strong>ejusmodi</strong></span> <span class='ocrx_word' id='word_1_167' title='bbox 1653 2252 1937 2318; x_wconf 83' lang='lat' dir='ltr'><strong>examine</strong></span> <span class='ocrx_word' id='word_1_168' title='bbox 2004 2250 2200 2318; x_wconf 83' lang='lat' dir='ltr'><strong>fuisse</strong></span> <span class='ocrx_word' id='word_1_169' title='bbox 2265 2250 2629 2332; x_wconf 80' lang='lat' dir='ltr'><strong>obstrictOS,</strong></span> <span class='ocrx_word' id='word_1_170' title='bbox 2701 2252 2833 2332; x_wconf 77' lang='lat' dir='ltr'><strong>Jam</strong></span> <span class='ocrx_word' id='word_1_171' title='bbox 2890 2251 2997 2317; x_wconf 92' lang='lat' dir='ltr'><strong>diu</strong></span> <span class='ocrx_word' id='word_1_172' title='bbox 3056 2251 3285 2334; x_wconf 87' lang='lat' dir='ltr'><strong>Lysiae</strong></span> <span class='ocrx_word' id='word_1_173' title='bbox 3344 2251 3551 2318; x_wconf 88' lang='lat' dir='ltr'><strong>verbis</strong></span> <span class='ocrx_word' id='word_1_174' title='bbox 3615 2252 3994 2334; x_wconf 88' lang='lat' dir='ltr'><strong>quibusdam</strong></span> <span class='ocrx_word' id='word_1_175' title='bbox 4062 2261 4233 2318; x_wconf 87' lang='lat' dir='ltr'><strong>recte</strong></span> 
     </span>
     <span class='ocr_line' id='line_1_17' title="bbox 553 2345 4231 2459; baseline 0 -27"><span class='ocrx_word' id='word_1_176' title='bbox 553 2369 881 2450; x_wconf 82' lang='lat' dir='ltr'><strong>explicatis</strong></span> <span class='ocrx_word' id='word_1_177' title='bbox 920 2370 1206 2452; x_wconf 84' lang='lat' dir='ltr'><strong>cognosci</strong></span> <span class='ocrx_word' id='word_1_178' title='bbox 1245 2371 1474 2453; x_wconf 83' lang='lat' dir='ltr'><strong>potuit,</strong></span> <span class='ocrx_word' id='word_1_179' title='bbox 1522 2391 1665 2436; x_wconf 90' lang='lat' dir='ltr'><strong>cum</strong></span> <span class='ocrx_word' id='word_1_180' title='bbox 1703 2373 1942 2437; x_wconf 90' lang='lat' dir='ltr'><strong>diceret</strong></span> <span class='ocrx_word' id='word_1_181' title='bbox 1986 2371 2210 2454; x_wconf 86' lang='lat' dir='ltr'><strong>(XXX,</strong></span> <span class='ocrx_word' id='word_1_182' title='bbox 2258 2375 2354 2454; x_wconf 81' lang='lat'><strong>5):</strong></span> <span class='ocrx_word' id='word_1_183' title='bbox 2412 2371 2465 2433; x_wconf 78' lang='grc' dir='ltr'><em>οἱ</em></span> <span class='ocrx_word' id='word_1_184' title='bbox 2503 2369 2619 2454; x_wconf 83' lang='grc' dir='ltr'><em>μὲν</em></span> <span class='ocrx_word' id='word_1_185' title='bbox 2662 2345 2822 2434; x_wconf 70' lang='grc' dir='ltr'><em>ἄλλοι</em></span> <span class='ocrx_word' id='word_1_186' title='bbox 2868 2375 2970 2457; x_wconf 81' lang='grc' dir='ltr'><strong>τῆς</strong></span> <span class='ocrx_word' id='word_1_187' title='bbox 3008 2371 3204 2435; x_wconf 81' lang='grc' dir='ltr'><em>αὑτῶν</em></span> <span class='ocrx_word' id='word_1_188' title='bbox 3246 2373 3446 2459; x_wconf 77' lang='grc' dir='ltr'><em>ἀρχῆς</em></span> <span class='ocrx_word' id='word_1_189' title='bbox 3474 2373 3628 2436; x_wconf 78' lang='grc' dir='ltr'><em>κατὰ</em></span> <span class='ocrx_word' id='word_1_190' title='bbox 3664 2371 4020 2456; x_wconf 71' lang='grc' dir='ltr'><em>πρυτανείαν</em></span> <span class='ocrx_word' id='word_1_191' title='bbox 4062 2371 4231 2453; x_wconf 66' lang='grc' dir='ltr'><em>λόγον</em></span> 
     </span>
     <span class='ocr_line' id='line_1_18' title="bbox 551 2487 4229 2575; baseline 0.001 -27"><span class='ocrx_word' id='word_1_192' title='bbox 551 2487 979 2574; x_wconf 73' lang='grc' dir='ltr'><strong>ἀναφέρουσι,2</strong></span> <span class='ocrx_word' id='word_1_193' title='bbox 1022 2490 1094 2552; x_wconf 82' lang='grc' dir='ltr'><strong>σὺ</strong></span> <span class='ocrx_word' id='word_1_194' title='bbox 1138 2490 1208 2552; x_wconf 77' lang='grc' dir='ltr'><strong>δέ</strong></span> <span class='ocrx_word' id='word_1_195' title='bbox 1255 2492 1370 2556; x_wconf 81' lang='grc' dir='ltr'><em>κτλ.</em></span> <span class='ocrx_word' id='word_1_196' title='bbox 1461 2491 1638 2558; x_wconf 89' lang='lat' dir='ltr'><strong>Sicut</strong></span> <span class='ocrx_word' id='word_1_197' title='bbox 1690 2493 1889 2575; x_wconf 89' lang='lat' dir='ltr'><strong>igitur</strong></span> <span class='ocrx_word' id='word_1_198' title='bbox 1932 2492 2416 2558; x_wconf 90' lang='lat' dir='ltr'><strong>Atheniensium</strong></span> <span class='ocrx_word' id='word_1_199' title='bbox 2474 2510 2629 2573; x_wconf 88' lang='lat' dir='ltr'><strong>gens</strong></span> <span class='ocrx_word' id='word_1_200' title='bbox 2685 2491 2990 2557; x_wconf 90' lang='lat' dir='ltr'><strong>adversus</strong></span> <span class='ocrx_word' id='word_1_201' title='bbox 3046 2492 3460 2573; x_wconf 88' lang='lat' dir='ltr'><strong>magistratus</strong></span> <span class='ocrx_word' id='word_1_202' title='bbox 3515 2489 4045 2573; x_wconf 89' lang='lat' dir='ltr'><strong>suspiciosissima</strong></span> <span class='ocrx_word' id='word_1_203' title='bbox 4108 2489 4229 2551; x_wconf 83' lang='grc' dir='ltr'><em>ἐπι-</em></span> 
     </span>
     <span class='ocr_line' id='line_1_19' title="bbox 544 2609 4227 2695; baseline 0.001 -24"><span class='ocrx_word' id='word_1_204' title='bbox 544 2609 942 2695; x_wconf 72' lang='grc' dir='ltr'><em>χειροτονὶαις</em></span> <span class='ocrx_word' id='word_1_205' title='bbox 967 2609 1121 2674; x_wconf 93' lang='lat' dir='ltr'><strong>illud</strong></span> <span class='ocrx_word' id='word_1_206' title='bbox 1151 2609 1502 2694; x_wconf 77' lang='grc' dir='ltr'><em>δοκιμασίας</em></span> <span class='ocrx_word' id='word_1_207' title='bbox 1527 2630 1806 2693; x_wconf 85' lang='lat' dir='ltr'><strong>examen,</strong></span> <span class='ocrx_word' id='word_1_208' title='bbox 1855 2612 2025 2693; x_wconf 89' lang='lat' dir='ltr'><strong>quod</strong></span> <span class='ocrx_word' id='word_1_209' title='bbox 2057 2611 2394 2694; x_wconf 90' lang='lat' dir='ltr'><strong>unicuique</strong></span> <span class='ocrx_word' id='word_1_210' title='bbox 2425 2617 2570 2676; x_wconf 91' lang='lat' dir='ltr'><strong>ante</strong></span> <span class='ocrx_word' id='word_1_211' title='bbox 2612 2629 2839 2676; x_wconf 89' lang='lat' dir='ltr'><strong>munus</strong></span> <span class='ocrx_word' id='word_1_212' title='bbox 2867 2612 3211 2692; x_wconf 88' lang='lat' dir='ltr'><strong>gerendum</strong></span> <span class='ocrx_word' id='word_1_213' title='bbox 3251 2611 3649 2677; x_wconf 87' lang='lat' dir='ltr'><strong>subeundum</strong></span> <span class='ocrx_word' id='word_1_214' title='bbox 3686 2617 3841 2692; x_wconf 88' lang='lat' dir='ltr'><strong>erat,</strong></span> <span class='ocrx_word' id='word_1_215' title='bbox 3884 2610 4227 2675; x_wconf 88' lang='lat' dir='ltr'><strong>secundum</strong></span> 
     </span>
     <span class='ocr_line' id='line_1_20' title="bbox 550 2728 4229 2814; baseline 0 -22"><span class='ocrx_word' id='word_1_216' title='bbox 550 2728 830 2810; x_wconf 85' lang='lat' dir='ltr'><strong>singulas</strong></span> <span class='ocrx_word' id='word_1_217' title='bbox 885 2729 1032 2794; x_wconf 89' lang='lat' dir='ltr'><strong>anni</strong></span> <span class='ocrx_word' id='word_1_218' title='bbox 1087 2739 1302 2811; x_wconf 86' lang='lat' dir='ltr'><strong>partes</strong></span> <span class='ocrx_word' id='word_1_219' title='bbox 1355 2732 1721 2814; x_wconf 89' lang='lat' dir='ltr'><strong>renovabat,</strong></span> <span class='ocrx_word' id='word_1_220' title='bbox 1776 2732 1869 2797; x_wconf 86' lang='lat' dir='ltr'><strong>ita</strong></span> <span class='ocrx_word' id='word_1_221' title='bbox 1921 2731 2132 2814; x_wconf 90' lang='lat' dir='ltr'><strong>etiam,</strong></span> <span class='ocrx_word' id='word_1_222' title='bbox 2189 2751 2357 2814; x_wconf 89' lang='lat' dir='ltr'><strong>quae</strong></span> <span class='ocrx_word' id='word_1_223' title='bbox 2413 2731 2691 2796; x_wconf 89' lang='lat' dir='ltr'><strong>muneris</strong></span> <span class='ocrx_word' id='word_1_224' title='bbox 2736 2750 2898 2796; x_wconf 87' lang='lat' dir='ltr'><strong>anno</strong></span> <span class='ocrx_word' id='word_1_225' title='bbox 2946 2738 3169 2796; x_wconf 87' lang='lat' dir='ltr'><strong>exacto</strong></span> <span class='ocrx_word' id='word_1_226' title='bbox 3214 2729 3468 2814; x_wconf 88' lang='lat' dir='ltr'><strong>fiebant,</strong></span> <span class='ocrx_word' id='word_1_227' title='bbox 3526 2731 3840 2813; x_wconf 88' lang='lat' dir='ltr'><strong>euthynae</strong></span> <span class='ocrx_word' id='word_1_228' title='bbox 3887 2729 4229 2795; x_wconf 88' lang='lat' dir='ltr'><strong>secundum</strong></span> 
     </span>
     <span class='ocr_line' id='line_1_21' title="bbox 553 2849 2937 2935; baseline 0.001 -20"><span class='ocrx_word' id='word_1_229' title='bbox 553 2849 834 2931; x_wconf 85' lang='lat' dir='ltr'><strong>singulas</strong></span> <span class='ocrx_word' id='word_1_230' title='bbox 879 2850 1203 2933; x_wconf 84' lang='lat' dir='ltr'><strong>prytanias</strong></span> <span class='ocrx_word' id='word_1_231' title='bbox 1249 2851 1544 2917; x_wconf 86' lang='lat' dir='ltr'><strong>videntur</strong></span> <span class='ocrx_word' id='word_1_232' title='bbox 1588 2851 1862 2933; x_wconf 89' lang='lat' dir='ltr'><strong>quodam</strong></span> <span class='ocrx_word' id='word_1_233' title='bbox 1910 2851 2094 2917; x_wconf 90' lang='lat' dir='ltr'><strong>modo</strong></span> <span class='ocrx_word' id='word_1_234' title='bbox 2139 2849 2463 2935; x_wconf 89' lang='lat' dir='ltr'><strong>praesumi</strong></span> <span class='ocrx_word' id='word_1_235' title='bbox 2507 2851 2733 2917; x_wconf 88' lang='lat' dir='ltr'><strong>solitae</strong></span> <span class='ocrx_word' id='word_1_236' title='bbox 2778 2869 2937 2917; x_wconf 88' lang='lat' dir='ltr'><strong>esse.</strong></span> 
     </span>
    </p>

    <p class='ocr_par' dir='ltr' id='par_1_5' title="bbox 545 2966 4231 3771">
     <span class='ocr_line' id='line_1_22' title="bbox 862 2966 4231 3055; baseline -0.002 -19"><span class='ocrx_word' id='word_1_237' title='bbox 862 2970 1208 3037; x_wconf 89' lang='lat' dir='ltr'><strong>Turbatum</strong></span> <span class='ocrx_word' id='word_1_238' title='bbox 1265 2972 1341 3037; x_wconf 93' lang='lat' dir='ltr'><strong>de</strong></span> <span class='ocrx_word' id='word_1_239' title='bbox 1395 2972 1516 3037; x_wconf 89' lang='lat' dir='ltr'><strong>hac</strong></span> <span class='ocrx_word' id='word_1_240' title='bbox 1560 2992 1630 3037; x_wconf 90' lang='lat' dir='ltr'><strong>re</strong></span> <span class='ocrx_word' id='word_1_241' title='bbox 1673 2973 2105 3038; x_wconf 86' lang='lat' dir='ltr'><strong>testimonium</strong></span> <span class='ocrx_word' id='word_1_242' title='bbox 2151 2972 2378 3037; x_wconf 83' lang='lat' dir='ltr'><strong>Pollux</strong></span> <span class='ocrx_word' id='word_1_243' title='bbox 2422 2971 2721 3053; x_wconf 88' lang='lat' dir='ltr'><strong>servavit,</strong></span> <span class='ocrx_word' id='word_1_244' title='bbox 2768 2971 2876 3053; x_wconf 94' lang='lat' dir='ltr'><strong>qui</strong></span> <span class='ocrx_word' id='word_1_245' title='bbox 2922 2969 3077 3036; x_wconf 90' lang='lat' dir='ltr'><strong>haec</strong></span> <span class='ocrx_word' id='word_1_246' title='bbox 3122 2971 3320 3038; x_wconf 85' lang='lat' dir='ltr'><strong>habet</strong></span> <span class='ocrx_word' id='word_1_247' title='bbox 3363 2970 3561 3053; x_wconf 89' lang='lat' dir='ltr'><strong>(VIII,</strong></span> <span class='ocrx_word' id='word_1_248' title='bbox 3612 2973 3748 3049; x_wconf 86' lang='lat'>99):</span> <span class='ocrx_word' id='word_1_249' title='bbox 3810 2968 3916 3031; x_wconf 74' lang='grc' dir='ltr'><em>δύο</em></span> <span class='ocrx_word' id='word_1_250' title='bbox 3960 2967 4014 3030; x_wconf 79' lang='grc' dir='ltr'><strong>δ’</strong></span> <span class='ocrx_word' id='word_1_251' title='bbox 4064 2966 4231 3055; x_wconf 77' lang='grc' dir='ltr'><em>ἦσαν,</em></span> 
     </span>
     <span class='ocr_line' id='line_1_23' title="bbox 546 3084 4229 3180; baseline -0 -29"><span class='ocrx_word' id='word_1_252' title='bbox 546 3093 580 3151; x_wconf 78' lang='grc' dir='ltr'><strong><em>ὑ</em></strong></span> <span class='ocrx_word' id='word_1_253' title='bbox 629 3089 743 3175; x_wconf 85' lang='grc' dir='ltr'><em>μὲν</em></span> <span class='ocrx_word' id='word_1_254' title='bbox 800 3094 904 3176; x_wconf 76' lang='grc' dir='ltr'><strong>τῆς</strong></span> <span class='ocrx_word' id='word_1_255' title='bbox 950 3090 1184 3177; x_wconf 77' lang='grc' dir='ltr'><em>βουλῆς,</em></span> <span class='ocrx_word' id='word_1_256' title='bbox 1239 3094 1273 3153; x_wconf 79' lang='grc' dir='ltr'><strong>ὁ</strong></span> <span class='ocrx_word' id='word_1_257' title='bbox 1317 3084 1384 3153; x_wconf 71' lang='grc' dir='ltr'><strong>δὲ</strong></span> <span class='ocrx_word' id='word_1_258' title='bbox 1441 3097 1544 3179; x_wconf 75' lang='grc' dir='ltr'><strong>τῆς</strong></span> <span class='ocrx_word' id='word_1_259' title='bbox 1595 3090 1940 3180; x_wconf 75' lang='grc' dir='ltr'><em>διοικήσεως</em></span> <span class='ocrx_word' id='word_1_260' title='bbox 1988 3091 2306 3175; x_wconf 77' lang='grc' dir='ltr'><em>λογισταῖ.3</em></span> <span class='ocrx_word' id='word_1_261' title='bbox 2394 3090 2507 3154; x_wconf 79' lang='grc' dir='ltr'><strong>Καὶ</strong></span> <span class='ocrx_word' id='word_1_262' title='bbox 2562 3092 2796 3161; x_wconf 79' lang='grc' dir='ltr'><em>τούτους</em></span> <span class='ocrx_word' id='word_1_263' title='bbox 2842 3092 2880 3176; x_wconf 78' lang='grc' dir='ltr'><em>ἢ</em></span> <span class='ocrx_word' id='word_1_264' title='bbox 2930 3092 3119 3177; x_wconf 76' lang='grc' dir='ltr'><em>βουλὴ</em></span> <span class='ocrx_word' id='word_1_265' title='bbox 3170 3090 3375 3175; x_wconf 76' lang='grc' dir='ltr'><em>κληροῖ</em></span> <span class='ocrx_word' id='word_1_266' title='bbox 3414 3090 3542 3152; x_wconf 76' lang='grc' dir='ltr'><em>κατ’</em></span> <span class='ocrx_word' id='word_1_267' title='bbox 3590 3090 3789 3175; x_wconf 70' lang='grc' dir='ltr'><em>ἀρχὴν</em></span> <span class='ocrx_word' id='word_1_268' title='bbox 3832 3089 3914 3155; x_wconf 83' lang='grc' dir='ltr'><strong>ὡς</strong></span> <span class='ocrx_word' id='word_1_269' title='bbox 3956 3110 4229 3172; x_wconf 74' lang='grc' dir='ltr'><em>παρακο-</em></span> 
     </span>
     <span class='ocr_line' id='line_1_24' title="bbox 545 3208 4227 3295; baseline 0 -23"><span class='ocrx_word' id='word_1_270' title='bbox 545 3210 780 3273; x_wconf 70' lang='grc' dir='ltr'><em>λουθεῖν</em></span> <span class='ocrx_word' id='word_1_271' title='bbox 819 3214 934 3278; x_wconf 81' lang='grc' dir='ltr'><em>τοῖς</em></span> <span class='ocrx_word' id='word_1_272' title='bbox 964 3209 1289 3273; x_wconf 81' lang='grc' dir='ltr'><em>διοικοῦσιν.</em></span> <span class='ocrx_word' id='word_1_273' title='bbox 1357 3212 1531 3277; x_wconf 88' lang='lat' dir='ltr'><strong>Haec</strong></span> <span class='ocrx_word' id='word_1_274' title='bbox 1568 3214 1857 3294; x_wconf 87' lang='lat' dir='ltr'><strong>quamvis</strong></span> <span class='ocrx_word' id='word_1_275' title='bbox 1895 3212 2213 3278; x_wconf 90' lang='lat' dir='ltr'><strong>somnians</strong></span> <span class='ocrx_word' id='word_1_276' title='bbox 2245 3212 2651 3295; x_wconf 85' lang='lat' dir='ltr'><strong>exscripserit</strong></span> <span class='ocrx_word' id='word_1_277' title='bbox 2688 3210 2876 3276; x_wconf 89' lang='lat' dir='ltr'><strong>homo</strong></span> <span class='ocrx_word' id='word_1_278' title='bbox 2918 3210 3519 3291; x_wconf 81' lang='lat' dir='ltr'><strong>neglegentissimuS,</strong></span> <span class='ocrx_word' id='word_1_279' title='bbox 3568 3214 3781 3272; x_wconf 89' lang='lat' dir='ltr'><strong>tamen</strong></span> <span class='ocrx_word' id='word_1_280' title='bbox 3827 3208 4227 3273; x_wconf 82' lang='lat' dir='ltr'><strong>manifestum</strong></span> 
     </span>
     <span class='ocr_line' id='line_1_25' title="bbox 548 3327 4224 3415; baseline -0.001 -20"><span class='ocrx_word' id='word_1_281' title='bbox 548 3336 648 3395; x_wconf 89' lang='lat' dir='ltr'><strong>est</strong></span> <span class='ocrx_word' id='word_1_282' title='bbox 677 3329 989 3413; x_wconf 89' lang='lat' dir='ltr'><strong>quaedam</strong></span> <span class='ocrx_word' id='word_1_283' title='bbox 1025 3330 1208 3395; x_wconf 92' lang='lat' dir='ltr'><strong>bonis</strong></span> <span class='ocrx_word' id='word_1_284' title='bbox 1246 3350 1320 3395; x_wconf 90' lang='lat' dir='ltr'><strong>ex</strong></span> <span class='ocrx_word' id='word_1_285' title='bbox 1360 3327 1636 3398; x_wconf 84' lang='lat' dir='ltr'><strong>fontibus</strong></span> <span class='ocrx_word' id='word_1_286' title='bbox 1673 3332 1905 3397; x_wconf 87' lang='lat' dir='ltr'><strong>hausta</strong></span> <span class='ocrx_word' id='word_1_287' title='bbox 1941 3332 2000 3397; x_wconf 91' lang='lat' dir='ltr'><strong>ei</strong></span> <span class='ocrx_word' id='word_1_288' title='bbox 2044 3340 2301 3415; x_wconf 90' lang='lat' dir='ltr'><strong>praesto</strong></span> <span class='ocrx_word' id='word_1_289' title='bbox 2338 3330 2536 3397; x_wconf 89' lang='lat' dir='ltr'><strong>fuisse</strong></span> <span class='ocrx_word' id='word_1_290' title='bbox 2575 3331 2652 3396; x_wconf 92' lang='lat' dir='ltr'><strong>de</strong></span> <span class='ocrx_word' id='word_1_291' title='bbox 2696 3328 3179 3411; x_wconf 87' lang='lat' dir='ltr'><strong>magistratibus</strong></span> <span class='ocrx_word' id='word_1_292' title='bbox 3226 3334 3485 3393; x_wconf 87' lang='lat' dir='ltr'><strong>senatus</strong></span> <span class='ocrx_word' id='word_1_293' title='bbox 3530 3327 3859 3393; x_wconf 89' lang='lat' dir='ltr'><strong>custodiae</strong></span> <span class='ocrx_word' id='word_1_294' title='bbox 3904 3327 4224 3409; x_wconf 77' lang='lat' dir='ltr'><strong>subJectiS.</strong></span> 
     </span>
     <span class='ocr_line' id='line_1_26' title="bbox 547 3446 4228 3534; baseline -0.002 -19"><span class='ocrx_word' id='word_1_295' title='bbox 547 3452 670 3516; x_wconf 89' lang='lat' dir='ltr'><strong>Vix</strong></span> <span class='ocrx_word' id='word_1_296' title='bbox 715 3452 878 3517; x_wconf 90' lang='lat' dir='ltr'><strong>enim</strong></span> <span class='ocrx_word' id='word_1_297' title='bbox 923 3450 1061 3515; x_wconf 89' lang='lat' dir='ltr'><strong>fieri</strong></span> <span class='ocrx_word' id='word_1_298' title='bbox 1105 3456 1340 3533; x_wconf 88' lang='lat' dir='ltr'><strong>potest,</strong></span> <span class='ocrx_word' id='word_1_299' title='bbox 1395 3452 1546 3533; x_wconf 86' lang='lat' dir='ltr'><strong>quin</strong></span> <span class='ocrx_word' id='word_1_300' title='bbox 1591 3452 1812 3534; x_wconf 89' lang='lat' dir='ltr'><strong>primis</strong></span> <span class='ocrx_word' id='word_1_301' title='bbox 1856 3452 2066 3519; x_wconf 86' lang='lat' dir='ltr'><strong>verbis</strong></span> <span class='ocrx_word' id='word_1_302' title='bbox 2123 3451 2431 3517; x_wconf 88' lang='lat' dir='ltr'><strong>memoria</strong></span> <span class='ocrx_word' id='word_1_303' title='bbox 2484 3448 2885 3517; x_wconf 85' lang='lat' dir='ltr'><strong>contineatur</strong></span> <span class='ocrx_word' id='word_1_304' title='bbox 2939 3448 3280 3514; x_wconf 87' lang='lat' dir='ltr'><strong>obscurata</strong></span> <span class='ocrx_word' id='word_1_305' title='bbox 3322 3465 3475 3511; x_wconf 88' lang='lat' dir='ltr'><strong>sane</strong></span> <span class='ocrx_word' id='word_1_306' title='bbox 3520 3446 3598 3511; x_wconf 92' lang='lat' dir='ltr'><strong>de</strong></span> <span class='ocrx_word' id='word_1_307' title='bbox 3642 3446 3806 3512; x_wconf 90' lang='lat' dir='ltr'><strong>binis</strong></span> <span class='ocrx_word' id='word_1_308' title='bbox 3851 3446 4228 3527; x_wconf 87' lang='lat' dir='ltr'><strong>logistarum</strong></span> 
     </span>
     <span class='ocr_line' id='line_1_27' title="bbox 547 3566 4225 3654; baseline -0.002 -19"><span class='ocrx_word' id='word_1_309' title='bbox 547 3572 586 3636; x_wconf 93' lang='lat' dir='ltr'><strong>i.</strong></span> <span class='ocrx_word' id='word_1_310' title='bbox 635 3590 688 3637; x_wconf 91' lang='lat' dir='ltr'><strong>e.</strong></span> <span class='ocrx_word' id='word_1_311' title='bbox 739 3570 1190 3636; x_wconf 86' lang='lat' dir='ltr'><strong>calculatorum</strong></span> <span class='ocrx_word' id='word_1_312' title='bbox 1233 3572 1588 3654; x_wconf 80' lang='lat' dir='ltr'><strong>generibuS,</strong></span> <span class='ocrx_word' id='word_1_313' title='bbox 1645 3571 1725 3637; x_wconf 90' lang='lat' dir='ltr'><strong>ad</strong></span> <span class='ocrx_word' id='word_1_314' title='bbox 1780 3591 2048 3654; x_wconf 90' lang='lat' dir='ltr'><strong>quorum</strong></span> <span class='ocrx_word' id='word_1_315' title='bbox 2103 3572 2377 3639; x_wconf 87' lang='lat' dir='ltr'><strong>alterum</strong></span> <span class='ocrx_word' id='word_1_316' title='bbox 2420 3567 2877 3650; x_wconf 90' lang='lat' dir='ltr'><strong>tantummodo,</strong></span> <span class='ocrx_word' id='word_1_317' title='bbox 2933 3567 2971 3634; x_wconf 88' lang='lat' dir='ltr'><strong>i.</strong></span> <span class='ocrx_word' id='word_1_318' title='bbox 3021 3586 3073 3634; x_wconf 91' lang='lat' dir='ltr'><strong>e.</strong></span> <span class='ocrx_word' id='word_1_319' title='bbox 3121 3567 3386 3649; x_wconf 88' lang='lat' dir='ltr'><strong>logistas</strong></span> <span class='ocrx_word' id='word_1_320' title='bbox 3434 3566 3804 3648; x_wconf 85' lang='lat' dir='ltr'><strong>senatorioS,</strong></span> <span class='ocrx_word' id='word_1_321' title='bbox 3853 3584 4015 3647; x_wconf 89' lang='lat' dir='ltr'><strong>quae</strong></span> <span class='ocrx_word' id='word_1_322' title='bbox 4061 3566 4225 3631; x_wconf 89' lang='lat' dir='ltr'><strong>inse-</strong></span> 
     </span>
     <span class='ocr_line' id='line_1_28' title="bbox 547 3690 3759 3771; baseline 0.003 -17"><span class='ocrx_word' id='word_1_323' title='bbox 547 3697 828 3771; x_wconf 89' lang='lat' dir='ltr'><strong>quuntur</strong></span> <span class='ocrx_word' id='word_1_324' title='bbox 871 3690 1166 3757; x_wconf 83' lang='lat' dir='ltr'><strong>videntur</strong></span> <span class='ocrx_word' id='word_1_325' title='bbox 1209 3698 1523 3771; x_wconf 81' lang='lat' dir='ltr'><strong>spectare.</strong></span> <span class='ocrx_word' id='word_1_326' title='bbox 3740 3708 3759 3764; x_wconf 60' lang='lat' dir='ltr'>x</span> 
     </span>
    </p>

    <p class='ocr_par' dir='ltr' id='par_1_6' title="bbox 545 3805 4228 4375">
     <span class='ocr_line' id='line_1_29' title="bbox 855 3805 4228 3893; baseline -0.001 -18"><span class='ocrx_word' id='word_1_327' title='bbox 855 3814 942 3877; x_wconf 86' lang='lat' dir='ltr'><strong>At</strong></span> <span class='ocrx_word' id='word_1_328' title='bbox 1002 3830 1104 3876; x_wconf 89' lang='lat' dir='ltr'><strong>res</strong></span> <span class='ocrx_word' id='word_1_329' title='bbox 1166 3811 1480 3893; x_wconf 91' lang='lat' dir='ltr'><strong>quomodo</strong></span> <span class='ocrx_word' id='word_1_330' title='bbox 1543 3830 1688 3877; x_wconf 88' lang='lat' dir='ltr'><strong>vere</strong></span> <span class='ocrx_word' id='word_1_331' title='bbox 1751 3830 1821 3877; x_wconf 92' lang='lat' dir='ltr'><strong>se</strong></span> <span class='ocrx_word' id='word_1_332' title='bbox 1884 3812 2206 3893; x_wconf 83' lang='lat' dir='ltr'><strong>habuerit,</strong></span> <span class='ocrx_word' id='word_1_333' title='bbox 2279 3830 2444 3876; x_wconf 92' lang='lat' dir='ltr'><strong>nunc</strong></span> <span class='ocrx_word' id='word_1_334' title='bbox 2522 3811 2778 3876; x_wconf 89' lang='lat' dir='ltr'><strong>tandem</strong></span> <span class='ocrx_word' id='word_1_335' title='bbox 2840 3828 3059 3875; x_wconf 89' lang='lat' dir='ltr'><strong>sumus</strong></span> <span class='ocrx_word' id='word_1_336' title='bbox 3124 3806 3333 3873; x_wconf 89' lang='lat' dir='ltr'><strong>edocti</strong></span> <span class='ocrx_word' id='word_1_337' title='bbox 3391 3806 3575 3871; x_wconf 87' lang='lat' dir='ltr'><strong>claris</strong></span> <span class='ocrx_word' id='word_1_338' title='bbox 3638 3807 3955 3887; x_wconf 85' lang='lat' dir='ltr'><strong>certisque</strong></span> <span class='ocrx_word' id='word_1_339' title='bbox 4020 3805 4228 3872; x_wconf 88' lang='lat' dir='ltr'><strong>verbis</strong></span> 
     </span>
     <span class='ocr_line' id='line_1_30' title="bbox 547 3924 4227 4017; baseline -0.003 -20"><span class='ocrx_word' id='word_1_340' title='bbox 547 3930 928 4012; x_wconf 86' lang='lat' dir='ltr'><strong>AristoteliS,</strong></span> <span class='ocrx_word' id='word_1_341' title='bbox 985 3931 1094 4013; x_wconf 91' lang='lat' dir='ltr'><strong>qui</strong></span> <span class='ocrx_word' id='word_1_342' title='bbox 1146 3929 1302 3995; x_wconf 85' lang='lat' dir='ltr'><strong>haec</strong></span> <span class='ocrx_word' id='word_1_343' title='bbox 1359 3930 1555 3996; x_wconf 82' lang='lat' dir='ltr'><strong>tradit</strong></span> <span class='ocrx_word' id='word_1_344' title='bbox 1609 3930 1777 4015; x_wconf 81' lang='grc' dir='ltr'><em>(Πολ.</em></span> <span class='ocrx_word' id='word_1_345' title='bbox 1822 3931 1946 3999; x_wconf 72' lang='grc' dir='ltr'><strong>Ἀθ.</strong></span> <span class='ocrx_word' id='word_1_346' title='bbox 2001 3934 2103 4013; x_wconf 85' lang='lat'><strong>48,</strong></span> <span class='ocrx_word' id='word_1_347' title='bbox 2161 3932 2256 4013; x_wconf 84' lang='lat'><strong>3):</strong></span> <span class='ocrx_word' id='word_1_348' title='bbox 2319 3932 2595 4017; x_wconf 67' lang='grc' dir='ltr'><em>πληροῦσι</em></span> <span class='ocrx_word' id='word_1_349' title='bbox 2651 3928 2719 3993; x_wconf 74' lang='grc' dir='ltr'><strong>δὲ</strong></span> <span class='ocrx_word' id='word_1_350' title='bbox 2772 3930 2870 3991; x_wconf 78' lang='grc' dir='ltr'><strong>καὶ</strong></span> <span class='ocrx_word' id='word_1_351' title='bbox 2921 3928 3196 4012; x_wconf 74' lang='grc' dir='ltr'><em>λογιστὰς</em></span> <span class='ocrx_word' id='word_1_352' title='bbox 3242 3929 3312 4001; x_wconf 76' lang='grc' dir='ltr'><strong>ἐξ</strong></span> <span class='ocrx_word' id='word_1_353' title='bbox 3361 3927 3555 3991; x_wconf 80' lang='grc' dir='ltr'><em>αὐτῶν</em></span> <span class='ocrx_word' id='word_1_354' title='bbox 3608 3928 3662 3989; x_wconf 80' lang='grc' dir='ltr'><em>οἱ</em></span> <span class='ocrx_word' id='word_1_355' title='bbox 3712 3924 4030 4009; x_wconf 79' lang='grc' dir='ltr'><em>βουλευταὶ</em></span> <span class='ocrx_word' id='word_1_356' title='bbox 4080 3927 4227 3987; x_wconf 75' lang='grc' dir='ltr'><em>δέκα</em></span> 
     </span>
     <span class='ocr_line' id='line_1_31' title="bbox 545 4046 4227 4139; baseline -0.002 -24"><span class='ocrx_word' id='word_1_357' title='bbox 545 4052 680 4119; x_wconf 83' lang='grc' dir='ltr'><em>τοὺς</em></span> <span class='ocrx_word' id='word_1_358' title='bbox 715 4050 1123 4135; x_wconf 72' lang='grc' dir='ltr'><em>λογιουμένους</em></span> <span class='ocrx_word' id='word_1_359' title='bbox 1162 4054 1291 4119; x_wconf 83' lang='grc' dir='ltr'><em>ταῖς</em></span> <span class='ocrx_word' id='word_1_360' title='bbox 1329 4050 1552 4139; x_wconf 75' lang='grc' dir='ltr'><em>ἀρχαῖς</em></span> <span class='ocrx_word' id='word_1_361' title='bbox 1590 4051 1744 4113; x_wconf 80' lang='grc' dir='ltr'><em>κατὰ</em></span> <span class='ocrx_word' id='word_1_362' title='bbox 1789 4054 1892 4138; x_wconf 78' lang='grc' dir='ltr'><em>τὴν</em></span> <span class='ocrx_word' id='word_1_363' title='bbox 1944 4050 2301 4137; x_wconf 78' lang='grc' dir='ltr'><em>πρυτανείαν</em></span> <span class='ocrx_word' id='word_1_364' title='bbox 2344 4050 2615 4135; x_wconf 77' lang='grc' dir='ltr'><em>ἑκάστην.</em></span> <span class='ocrx_word' id='word_1_365' title='bbox 2705 4049 3009 4114; x_wconf 81' lang='lat' dir='ltr'><strong>Videmus</strong></span> <span class='ocrx_word' id='word_1_366' title='bbox 3064 4048 3260 4130; x_wconf 84' lang='lat' dir='ltr'><strong>igitur</strong></span> <span class='ocrx_word' id='word_1_367' title='bbox 3319 4047 3514 4112; x_wconf 85' lang='lat' dir='ltr'><strong>denos</strong></span> <span class='ocrx_word' id='word_1_368' title='bbox 3568 4046 3906 4128; x_wconf 82' lang='lat' dir='ltr'><strong>quotannis</strong></span> <span class='ocrx_word' id='word_1_369' title='bbox 3961 4046 4227 4126; x_wconf 86' lang='lat' dir='ltr'><strong>logistas</strong></span> 
     </span>
     <span class='ocr_line' id='line_1_32' title="bbox 549 4164 4225 4254; baseline -0.003 -17"><span class='ocrx_word' id='word_1_370' title='bbox 549 4172 630 4238; x_wconf 90' lang='lat' dir='ltr'><strong>ab</strong></span> <span class='ocrx_word' id='word_1_371' title='bbox 665 4171 804 4253; x_wconf 88' lang='lat' dir='ltr'><strong>ipso</strong></span> <span class='ocrx_word' id='word_1_372' title='bbox 840 4175 1066 4235; x_wconf 90' lang='lat' dir='ltr'><strong>senatu</strong></span> <span class='ocrx_word' id='word_1_373' title='bbox 1097 4175 1268 4235; x_wconf 87' lang='lat' dir='ltr'><strong>sorte</strong></span> <span class='ocrx_word' id='word_1_374' title='bbox 1307 4170 1531 4236; x_wconf 87' lang='lat' dir='ltr'><strong>ductos</strong></span> <span class='ocrx_word' id='word_1_375' title='bbox 1576 4189 1736 4253; x_wconf 90' lang='lat' dir='ltr'><strong>esse,</strong></span> <span class='ocrx_word' id='word_1_376' title='bbox 1783 4172 1956 4254; x_wconf 87' lang='lat' dir='ltr'><strong>ipsos</strong></span> <span class='ocrx_word' id='word_1_377' title='bbox 2001 4190 2254 4253; x_wconf 89' lang='lat' dir='ltr'><strong>quoque</strong></span> <span class='ocrx_word' id='word_1_378' title='bbox 2299 4176 2645 4251; x_wconf 79' lang='lat' dir='ltr'><strong>senatoreS,</strong></span> <span class='ocrx_word' id='word_1_379' title='bbox 2693 4186 2962 4249; x_wconf 89' lang='lat' dir='ltr'><strong>quorum</strong></span> <span class='ocrx_word' id='word_1_380' title='bbox 3008 4174 3180 4231; x_wconf 87' lang='lat' dir='ltr'><strong>esset</strong></span> <span class='ocrx_word' id='word_1_381' title='bbox 3222 4166 3565 4249; x_wconf 86' lang='lat' dir='ltr'><strong>provincia,</strong></span> <span class='ocrx_word' id='word_1_382' title='bbox 3621 4170 3695 4230; x_wconf 94' lang='lat' dir='ltr'><strong>ut</strong></span> <span class='ocrx_word' id='word_1_383' title='bbox 3740 4164 4225 4245; x_wconf 86' lang='lat' dir='ltr'><strong>magistratuum</strong></span> 
     </span>
     <span class='ocr_line' id='line_1_33' title="bbox 546 4286 4221 4375; baseline -0.004 -18"><span class='ocrx_word' id='word_1_384' title='bbox 546 4290 822 4357; x_wconf 88' lang='lat' dir='ltr'><strong>rationes</strong></span> <span class='ocrx_word' id='word_1_385' title='bbox 880 4288 1154 4372; x_wconf 86' lang='lat' dir='ltr'><strong>(tabellis</strong></span> <span class='ocrx_word' id='word_1_386' title='bbox 1216 4289 1350 4356; x_wconf 89' lang='lat' dir='ltr'><strong>sine</strong></span> <span class='ocrx_word' id='word_1_387' title='bbox 1395 4290 1587 4355; x_wconf 92' lang='lat' dir='ltr'><strong>dubio</strong></span> <span class='ocrx_word' id='word_1_388' title='bbox 1635 4290 2049 4375; x_wconf 87' lang='lat' dir='ltr'><strong>conscriptas)</strong></span> <span class='ocrx_word' id='word_1_389' title='bbox 2097 4292 2441 4357; x_wconf 89' lang='lat' dir='ltr'><strong>secundum</strong></span> <span class='ocrx_word' id='word_1_390' title='bbox 2502 4289 2784 4371; x_wconf 89' lang='lat' dir='ltr'><strong>singulas</strong></span> <span class='ocrx_word' id='word_1_391' title='bbox 2830 4286 3154 4371; x_wconf 87' lang='lat' dir='ltr'><strong>prytanias</strong></span> <span class='ocrx_word' id='word_1_392' title='bbox 3201 4292 3605 4368; x_wconf 89' lang='lat' dir='ltr'><strong>reposcerent</strong></span> <span class='ocrx_word' id='word_1_393' title='bbox 3648 4304 3721 4350; x_wconf 91' lang='lat' dir='ltr'><strong>ac</strong></span> <span class='ocrx_word' id='word_1_394' title='bbox 3766 4287 4221 4364; x_wconf 89' lang='lat' dir='ltr'><strong>computarent.</strong></span> 
     </span>
    </p>
   </div>
   <div class='ocr_carea' id='block_1_5' title="bbox 898 4431 1169 4439">
    <p class='ocr_par' dir='ltr' id='par_1_7' title="bbox 898 4431 1169 4439">
     <span class='ocr_line' id='line_1_34' title="bbox 898 4431 1169 4439; baseline 0 1367"><span class='ocrx_word' id='word_1_395' title='bbox 898 4431 1169 4439; x_wconf 95' lang='lat' dir='ltr'><strong> </strong></span> 
     </span>
    </p>
   </div>
   <div class='ocr_carea' id='block_1_6' title="bbox 543 4501 4223 4890">
    <p class='ocr_par' dir='ltr' id='par_1_8' title="bbox 543 4501 4223 4890">
     <span class='ocr_line' id='line_1_35' title="bbox 851 4501 4222 4579; baseline -0.005 -13"><span class='ocrx_word' id='word_1_396' title='bbox 851 4515 872 4547; x_wconf 83' lang='lat'>²</span> <span class='ocrx_word' id='word_1_397' title='bbox 907 4511 1016 4566; x_wconf 82' lang='lat' dir='ltr'><strong>Vix</strong></span> <span class='ocrx_word' id='word_1_398' title='bbox 1050 4518 1228 4566; x_wconf 87' lang='lat' dir='ltr'><strong>tamen</strong></span> <span class='ocrx_word' id='word_1_399' title='bbox 1264 4511 1674 4566; x_wconf 80' lang='lat' dir='ltr'><strong>Wilamowitzio</strong></span> <span class='ocrx_word' id='word_1_400' title='bbox 1711 4510 1782 4579; x_wconf 90' lang='lat'><strong>11,</strong></span> <span class='ocrx_word' id='word_1_401' title='bbox 1819 4512 1914 4563; x_wconf 80' lang='lat'><strong>231</strong></span> <span class='ocrx_word' id='word_1_402' title='bbox 1961 4510 2364 4565; x_wconf 86' lang='lat' dir='ltr'><strong>concedendum</strong></span> <span class='ocrx_word' id='word_1_403' title='bbox 2408 4510 2494 4578; x_wconf 86' lang='lat' dir='ltr'><strong>sit,</strong></span> <span class='ocrx_word' id='word_1_404' title='bbox 2543 4508 2800 4563; x_wconf 85' lang='lat' dir='ltr'><strong>Schoellii</strong></span> <span class='ocrx_word' id='word_1_405' title='bbox 2841 4508 3109 4575; x_wconf 88' lang='lat' dir='ltr'><strong>judicium</strong></span> <span class='ocrx_word' id='word_1_406' title='bbox 3144 4514 3435 4575; x_wconf 83' lang='lat' dir='ltr'><strong>propterea</strong></span> <span class='ocrx_word' id='word_1_407' title='bbox 3478 4501 3738 4574; x_wconf 83' lang='lat' dir='ltr'><strong>imprimis</strong></span> <span class='ocrx_word' id='word_1_408' title='bbox 3776 4501 4056 4569; x_wconf 83' lang='lat' dir='ltr'><strong>deceptum</strong></span> <span class='ocrx_word' id='word_1_409' title='bbox 4094 4512 4222 4565; x_wconf 87' lang='lat' dir='ltr'><strong>esse,</strong></span> 
     </span>
     <span class='ocr_line' id='line_1_36' title="bbox 546 4602 4223 4685; baseline -0.004 -15"><span class='ocrx_word' id='word_1_410' title='bbox 546 4615 690 4685; x_wconf 88' lang='lat' dir='ltr'><strong>quod</strong></span> <span class='ocrx_word' id='word_1_411' title='bbox 738 4616 852 4683; x_wconf 83' lang='lat' dir='ltr'><strong>ejns</strong></span> <span class='ocrx_word' id='word_1_412' title='bbox 903 4614 1199 4684; x_wconf 82' lang='lat' dir='ltr'><strong>disputatio</strong></span> <span class='ocrx_word' id='word_1_413' title='bbox 1247 4614 1468 4669; x_wconf 86' lang='lat' dir='ltr'><strong>falsario</strong></span> <span class='ocrx_word' id='word_1_414' title='bbox 1526 4614 1591 4669; x_wconf 87' lang='lat' dir='ltr'><strong>de</strong></span> <span class='ocrx_word' id='word_1_415' title='bbox 1639 4614 1847 4681; x_wconf 82' lang='lat' dir='ltr'><strong>logistis</strong></span> <span class='ocrx_word' id='word_1_416' title='bbox 1895 4620 1949 4668; x_wconf 87' lang='lat' dir='ltr'><strong>et</strong></span> <span class='ocrx_word' id='word_1_417' title='bbox 2004 4613 2281 4682; x_wconf 73' lang='lat' dir='ltr'><strong>synogoris</strong></span> <span class='ocrx_word' id='word_1_418' title='bbox 2338 4614 2554 4668; x_wconf 85' lang='lat' dir='ltr'><strong>insistat</strong></span> <span class='ocrx_word' id='word_1_419' title='bbox 2608 4612 2915 4667; x_wconf 87' lang='lat' dir='ltr'><strong>testimonio</strong></span> <span class='ocrx_word' id='word_1_420' title='bbox 2964 4610 3067 4665; x_wconf 80' lang='lat' dir='ltr'><strong>lex.</strong></span> <span class='ocrx_word' id='word_1_421' title='bbox 3119 4608 3431 4678; x_wconf 84' lang='lat' dir='ltr'><strong>Cantabrig.</strong></span> <span class='ocrx_word' id='word_1_422' title='bbox 3480 4612 3594 4662; x_wconf 81' lang='lat'><strong>672.</strong></span> <span class='ocrx_word' id='word_1_423' title='bbox 3678 4605 3783 4659; x_wconf 90' lang='lat' dir='ltr'><strong>Sed</strong></span> <span class='ocrx_word' id='word_1_424' title='bbox 3839 4602 4103 4671; x_wconf 81' lang='lat' dir='ltr'><strong>quidquid</strong></span> <span class='ocrx_word' id='word_1_425' title='bbox 4158 4602 4223 4655; x_wconf 88' lang='lat' dir='ltr'><strong>de</strong></span> 
     </span>
     <span class='ocr_line' id='line_1_37' title="bbox 544 4706 4223 4787; baseline -0.004 -14"><span class='ocrx_word' id='word_1_426' title='bbox 544 4720 630 4773; x_wconf 86' lang='lat' dir='ltr'><strong>his</strong></span> <span class='ocrx_word' id='word_1_427' title='bbox 664 4717 842 4772; x_wconf 84' lang='lat' dir='ltr'><strong>verbis</strong></span> <span class='ocrx_word' id='word_1_428' title='bbox 875 4718 990 4771; x_wconf 88' lang='lat' dir='ltr'><strong>sine</strong></span> <span class='ocrx_word' id='word_1_429' title='bbox 1027 4716 1190 4771; x_wconf 89' lang='lat' dir='ltr'><strong>dubio</strong></span> <span class='ocrx_word' id='word_1_430' title='bbox 1225 4718 1384 4771; x_wconf 85' lang='lat' dir='ltr'><strong>valde</strong></span> <span class='ocrx_word' id='word_1_431' title='bbox 1421 4716 1734 4785; x_wconf 80' lang='lat' dir='ltr'><strong>depravatis</strong></span> <span class='ocrx_word' id='word_1_432' title='bbox 1776 4716 1994 4784; x_wconf 84' lang='lat' dir='ltr'><strong>judicas</strong></span> <span class='ocrx_word' id='word_1_433' title='bbox 2031 4716 2116 4787; x_wconf 80' lang='lat' dir='ltr'><strong>(cf.</strong></span> <span class='ocrx_word' id='word_1_434' title='bbox 2155 4715 2369 4784; x_wconf 84' lang='lat' dir='ltr'><strong>Kaibel,</strong></span> <span class='ocrx_word' id='word_1_435' title='bbox 2418 4716 2521 4770; x_wconf 85' lang='lat' dir='ltr'><strong>Stil</strong></span> <span class='ocrx_word' id='word_1_436' title='bbox 2557 4714 2667 4769; x_wconf 87' lang='lat' dir='ltr'><strong>und</strong></span> <span class='ocrx_word' id='word_1_437' title='bbox 2704 4714 2843 4769; x_wconf 81' lang='lat' dir='ltr'><strong>Text</strong></span> <span class='ocrx_word' id='word_1_438' title='bbox 2878 4714 2974 4769; x_wconf 87' lang='lat' dir='ltr'><strong>der</strong></span> <span class='ocrx_word' id='word_1_439' title='bbox 3009 4710 3134 4767; x_wconf 78' lang='grc' dir='ltr'><em>Πολ.</em></span> <span class='ocrx_word' id='word_1_440' title='bbox 3174 4714 3275 4771; x_wconf 70' lang='grc' dir='ltr'><strong>Ἀθ.</strong></span> <span class='ocrx_word' id='word_1_441' title='bbox 3348 4712 3491 4767; x_wconf 83' lang='lat' dir='ltr'><strong>Berl.</strong></span> <span class='ocrx_word' id='word_1_442' title='bbox 3530 4710 3660 4761; x_wconf 84' lang='lat'>1893</span> <span class='ocrx_word' id='word_1_443' title='bbox 3696 4724 3749 4776; x_wconf 86' lang='lat' dir='ltr'><strong>p.</strong></span> <span class='ocrx_word' id='word_1_444' title='bbox 3788 4706 3926 4777; x_wconf 78' lang='lat'><strong>227),</strong></span> <span class='ocrx_word' id='word_1_445' title='bbox 3966 4721 4076 4760; x_wconf 88' lang='lat' dir='ltr'><strong>non</strong></span> <span class='ocrx_word' id='word_1_446' title='bbox 4111 4713 4223 4759; x_wconf 83' lang='lat' dir='ltr'><strong>tam</strong></span> 
     </span>
     <span class='ocr_line' id='line_1_38' title="bbox 543 4808 4221 4890; baseline -0.004 -15"><span class='ocrx_word' id='word_1_447' title='bbox 543 4824 680 4877; x_wconf 84' lang='lat' dir='ltr'><strong>haec</strong></span> <span class='ocrx_word' id='word_1_448' title='bbox 723 4823 896 4876; x_wconf 85' lang='lat' dir='ltr'><strong>virum</strong></span> <span class='ocrx_word' id='word_1_449' title='bbox 942 4822 1159 4877; x_wconf 87' lang='lat' dir='ltr'><strong>doctum</strong></span> <span class='ocrx_word' id='word_1_450' title='bbox 1204 4820 1527 4889; x_wconf 87' lang='lat' dir='ltr'><strong>fefellerunt,</strong></span> <span class='ocrx_word' id='word_1_451' title='bbox 1577 4836 1736 4890; x_wconf 86' lang='lat' dir='ltr'><strong>quam</strong></span> <span class='ocrx_word' id='word_1_452' title='bbox 1784 4820 1928 4889; x_wconf 89' lang='lat' dir='ltr'><strong>quod</strong></span> <span class='ocrx_word' id='word_1_453' title='bbox 1979 4820 2044 4874; x_wconf 89' lang='lat' dir='ltr'><strong>de</strong></span> <span class='ocrx_word' id='word_1_454' title='bbox 2089 4821 2217 4889; x_wconf 84' lang='lat' dir='ltr'><strong>pagi</strong></span> <span class='ocrx_word' id='word_1_455' title='bbox 2254 4819 2538 4887; x_wconf 75' lang='lat' dir='ltr'><strong>cujusdam</strong></span> <span class='ocrx_word' id='word_1_456' title='bbox 2575 4818 2790 4872; x_wconf 81' lang='lat' dir='ltr'><strong>decreto</strong></span> <span class='ocrx_word' id='word_1_457' title='bbox 2826 4818 3001 4871; x_wconf 87' lang='lat' dir='ltr'><strong>minus</strong></span> <span class='ocrx_word' id='word_1_458' title='bbox 3038 4822 3185 4871; x_wconf 83' lang='lat' dir='ltr'><strong>recte</strong></span> <span class='ocrx_word' id='word_1_459' title='bbox 3215 4814 3505 4884; x_wconf 83' lang='lat' dir='ltr'><strong>judicavit3</strong></span> <span class='ocrx_word' id='word_1_460' title='bbox 3554 4810 3621 4865; x_wconf 82' lang='lat' dir='ltr'><strong>cf.</strong></span> <span class='ocrx_word' id='word_1_461' title='bbox 3662 4825 3801 4879; x_wconf 86' lang='lat' dir='ltr'><strong>quae</strong></span> <span class='ocrx_word' id='word_1_462' title='bbox 3836 4808 3981 4863; x_wconf 83' lang='lat' dir='ltr'><strong>infra</strong></span> <span class='ocrx_word' id='word_1_463' title='bbox 4017 4808 4083 4862; x_wconf 88' lang='lat' dir='ltr'><strong>de</strong></span> <span class='ocrx_word' id='word_1_464' title='bbox 4118 4808 4221 4861; x_wconf 82' lang='lat' dir='ltr'><strong>hac</strong></span> 
     </span>
    </p>
   </div>
   <div class='ocr_carea' id='block_1_7' title="bbox 543 4926 4223 5099">
    <p class='ocr_par' dir='ltr' id='par_1_9' title="bbox 543 4926 4223 5099">
     <span class='ocr_line' id='line_1_39' title="bbox 543 4926 981 4981; baseline -0.005 0"><span class='ocrx_word' id='word_1_465' title='bbox 543 4944 602 4981; x_wconf 88' lang='lat' dir='ltr'><strong>re</strong></span> <span class='ocrx_word' id='word_1_466' title='bbox 639 4926 981 4980; x_wconf 81' lang='lat' dir='ltr'><strong>disserentur.</strong></span> 
     </span>
     <span class='ocr_line' id='line_1_40' title="bbox 852 5012 4223 5099; baseline -0.005 -15"><span class='ocrx_word' id='word_1_467' title='bbox 852 5033 872 5064; x_wconf 78' lang='lat'><em>²</em></span> <span class='ocrx_word' id='word_1_468' title='bbox 905 5028 1010 5084; x_wconf 90' lang='lat' dir='ltr'><strong>Pro</strong></span> <span class='ocrx_word' id='word_1_469' title='bbox 1049 5031 1368 5098; x_wconf 82' lang='grc' dir='ltr'><em>ἀναφέρουσι</em></span> <span class='ocrx_word' id='word_1_470' title='bbox 1415 5028 1594 5099; x_wconf 81' lang='lat' dir='ltr'><strong>potius</strong></span> <span class='ocrx_word' id='word_1_471' title='bbox 1632 5029 1958 5097; x_wconf 79' lang='grc' dir='ltr'><em>ἀποφέρουσι</em></span> <span class='ocrx_word' id='word_1_472' title='bbox 2003 5024 2347 5081; x_wconf 87' lang='lat' dir='ltr'><strong>scribendum</strong></span> <span class='ocrx_word' id='word_1_473' title='bbox 2394 5040 2507 5080; x_wconf 80' lang='lat' dir='ltr'><strong>esse</strong></span> <span class='ocrx_word' id='word_1_474' title='bbox 2544 5024 2853 5091; x_wconf 79' lang='lat' dir='ltr'><strong>existimem,</strong></span> <span class='ocrx_word' id='word_1_475' title='bbox 2900 5038 3038 5093; x_wconf 84' lang='lat' dir='ltr'><strong>quae</strong></span> <span class='ocrx_word' id='word_1_476' title='bbox 3074 5024 3289 5092; x_wconf 90' lang='lat' dir='ltr'><strong>quidem</strong></span> <span class='ocrx_word' id='word_1_477' title='bbox 3325 5034 3427 5075; x_wconf 80' lang='lat' dir='ltr'><strong>vox</strong></span> <span class='ocrx_word' id='word_1_478' title='bbox 3469 5024 3550 5073; x_wconf 86' lang='lat' dir='ltr'><strong>est</strong></span> <span class='ocrx_word' id='word_1_479' title='bbox 3587 5018 3859 5073; x_wconf 87' lang='lat' dir='ltr'><strong>sollemnis</strong></span> <span class='ocrx_word' id='word_1_480' title='bbox 3896 5016 3963 5070; x_wconf 84' lang='lat' dir='ltr'><strong>de</strong></span> <span class='ocrx_word' id='word_1_481' title='bbox 3998 5012 4223 5069; x_wconf 84' lang='lat' dir='ltr'><strong>redditis</strong></span> 
     </span>
    </p>
   </div>
   <div class='ocr_carea' id='block_1_8' title="bbox 545 5133 4222 5305">
    <p class='ocr_par' dir='ltr' id='par_1_10' title="bbox 545 5133 4222 5305">
     <span class='ocr_line' id='line_1_41' title="bbox 545 5133 862 5190; baseline -0.006 0"><span class='ocrx_word' id='word_1_482' title='bbox 545 5133 862 5190; x_wconf 62' lang='lat' dir='ltr'><strong>rationibus</strong></span> 
     </span>
     <span class='ocr_line' id='line_1_42' title="bbox 849 5222 4222 5305; baseline -0.005 -13"><span class='ocrx_word' id='word_1_483' title='bbox 849 5240 872 5271; x_wconf 82' lang='lat'>³</span> <span class='ocrx_word' id='word_1_484' title='bbox 905 5236 1046 5293; x_wconf 83' lang='lat' dir='ltr'><strong>Nam</strong></span> <span class='ocrx_word' id='word_1_485' title='bbox 1094 5238 1224 5305; x_wconf 90' lang='lat' dir='ltr'><strong>quin</strong></span> <span class='ocrx_word' id='word_1_486' title='bbox 1259 5236 1424 5291; x_wconf 76' lang='lat' dir='ltr'><strong>verba</strong></span> <span class='ocrx_word' id='word_1_487' title='bbox 1467 5237 1546 5290; x_wconf 86' lang='lat' dir='ltr'><strong>ita</strong></span> <span class='ocrx_word' id='word_1_488' title='bbox 1581 5234 1957 5303; x_wconf 82' lang='lat' dir='ltr'><strong>conjungenda</strong></span> <span class='ocrx_word' id='word_1_489' title='bbox 2001 5233 2124 5303; x_wconf 84' lang='lat' dir='ltr'><strong>sint,</strong></span> <span class='ocrx_word' id='word_1_490' title='bbox 2174 5248 2318 5286; x_wconf 90' lang='lat' dir='ltr'><strong>nunc</strong></span> <span class='ocrx_word' id='word_1_491' title='bbox 2354 5246 2507 5287; x_wconf 85' lang='lat' dir='ltr'><strong>nemo</strong></span> <span class='ocrx_word' id='word_1_492' title='bbox 2546 5230 2834 5299; x_wconf 84' lang='lat' dir='ltr'><strong>dubitabit,</strong></span> <span class='ocrx_word' id='word_1_493' title='bbox 2870 5230 3033 5299; x_wconf 87' lang='lat' dir='ltr'><strong>idque</strong></span> <span class='ocrx_word' id='word_1_494' title='bbox 3078 5230 3189 5297; x_wconf 85' lang='lat' dir='ltr'><strong>jam</strong></span> <span class='ocrx_word' id='word_1_495' title='bbox 3226 5227 3648 5281; x_wconf 83' lang='lat' dir='ltr'><strong>confirmabatur</strong></span> <span class='ocrx_word' id='word_1_496' title='bbox 3682 5224 3859 5279; x_wconf 84' lang='lat' dir='ltr'><strong>verbis</strong></span> <span class='ocrx_word' id='word_1_497' title='bbox 3892 5222 4222 5278; x_wconf 86' lang='lat' dir='ltr'><strong>scholiastae</strong></span> 
     </span>
    </p>
   </div>
   <div class='ocr_carea' id='block_1_9' title="bbox 541 5340 1203 5409">
    <p class='ocr_par' dir='ltr' id='par_1_11' title="bbox 541 5340 1203 5409">
     <span class='ocr_line' id='line_1_43' title="bbox 541 5340 1203 5409; baseline 0 -14"><span class='ocrx_word' id='word_1_498' title='bbox 541 5341 794 5397; x_wconf 83' lang='lat' dir='ltr'><strong>Aeschin.</strong></span> <span class='ocrx_word' id='word_1_499' title='bbox 833 5341 876 5395; x_wconf 87' lang='lat'><strong>1.</strong></span> <span class='ocrx_word' id='word_1_500' title='bbox 911 5358 964 5409; x_wconf 86' lang='lat' dir='ltr'><strong>p.</strong></span> <span class='ocrx_word' id='word_1_501' title='bbox 1003 5342 1102 5393; x_wconf 73' lang='lat'><strong>739</strong></span> <span class='ocrx_word' id='word_1_502' title='bbox 1139 5340 1203 5395; x_wconf 70' lang='lat' dir='ltr'><strong>B.</strong></span> 
     </span>
    </p>
   </div>
  </div>
 </body>
</html>
