4676 5806
2435 267 2473 326 2

2263 355 2350 360 ..-.
2377 355 2459 362 ἓ..

604 480 1006 567 arbitramur,
1068 484 1224 552 illud
1279 504 1403 552 non
1461 486 1875 552 dubitandum
1922 487 2194 566 videtur,
2255 485 2407 567 quin
2467 486 2625 552 certi
2678 485 2834 551 nihil
2888 505 2961 551 ex
3008 485 3107 552 his
3152 504 3541 568 paganorum
3588 486 3856 551 decretis
3903 484 4278 551 concludere

605 605 922 686 possimus
968 606 1046 671 de
1089 625 1540 689 synegororum
1584 606 1980 689 publicorum
2025 606 2312 689 negotiis.

909 725 1154 790 Horum
1200 724 1396 806 igitur
1438 725 1769 791 titulorum
1815 725 2048 790 auxilio
2094 725 2387 791 destituti
2433 726 2513 791 ad
2577 728 2973 810 conjecturas
3031 728 3341 808 reicimur,
3399 733 3487 810 ut,
3549 729 3864 810 quomodo
3918 728 4173 809 negotia
4217 727 4281 790 in

607 843 900 926 eutbynis
959 843 1364 910 instituendis
1423 845 1591 910 inter
1645 863 1988 928 synegoros
2049 850 2116 910 et
2172 845 2438 928 legistas
2494 848 2733 927 partita
2784 847 3035 929 fuerint,
3092 867 3524 931 assequamur.
3628 849 3932 930 Licetque
3990 867 4069 913 ex
4124 847 4281 928 ipsis

607 963 856 1030 illorum
916 963 1401 1045 magistratuum
1458 965 1814 1031 nominibus
1869 965 2178 1048 suspicari
2237 964 2518 1049 logistaS,
2574 972 2648 1031 ut
2692 985 2885 1048 supra
2928 967 3219 1049 diximuS,
3275 967 3553 1034 rationes
3599 967 3848 1033 tabellis
3894 965 4283 1047 conscriptas

609 1081 1072 1165 computavisse
1110 1089 1194 1166 et,
1232 1102 1381 1148 num
1419 1103 1704 1150 summae
1740 1090 2038 1167 acceptae
2075 1090 2143 1150 et
2178 1103 2494 1166 expensae
2530 1086 2944 1168 redditaeque
2992 1087 3298 1168 pecuniae
3342 1087 3431 1153 ibi
3477 1088 3814 1152 denotatae
3864 1086 4282 1166 concinerent,

610 1202 1085 1284 examinavisse,
1142 1221 1484 1286 synegoros
1539 1203 1602 1268 in
1656 1222 1758 1270 res
1803 1223 1842 1269 a
1885 1204 2364 1287 magistratibus
2410 1211 2629 1287 gestas
2672 1207 3077 1290 inquisivisse
3122 1213 3205 1289 et,
3262 1207 3316 1272 si
3370 1207 3521 1289 quid
3576 1207 3783 1272 minus
3828 1211 4000 1271 recte
4046 1203 4283 1270 factum

608 1328 936 1403 putarent,
1023 1341 1165 1388 cum
1243 1321 1488 1404 logistis
1570 1322 2146 1389 communicavisse.
2266 1325 2709 1403 Quaesitorum
2791 1327 2987 1410 igitur
3061 1327 3385 1410 provincia
3458 1327 3724 1410 logistiS,
3802 1333 4281 1410 procuratorum

611 1441 1002 1524 publicorum
1049 1442 1374 1525 synegoris
1421 1443 1826 1509 attribuenda
1869 1443 2010 1509 erit.
2090 1445 2511 1510 Revertamur
2553 1464 2719 1512 nunc
2764 1447 2846 1512 ad
2888 1447 3062 1511 illam
3106 1447 3562 1529 quaestionem,
3612 1453 3821 1511 utrum
3870 1444 4284 1510 communiter

609 1563 875 1644 logistae
941 1562 1246 1644 (itemque
1317 1563 1634 1645 synegori)
1707 1581 1810 1628 res
1886 1564 2303 1630 tractaverint
2371 1586 2452 1630 an
2525 1566 2692 1633 inter
2764 1566 3047 1648 singulos
3120 1567 3411 1647 partitas
3529 1567 3665 1631 Hoc
3738 1565 4057 1648 plerisque
4126 1564 4278 1628 veri-

613 1682 881 1748 similius
927 1681 1131 1746 visum
1176 1686 1277 1748 est
1321 1700 1512 1763 quam
1555 1681 1774 1764 illud,l
1835 1683 2210 1766 videturque
2263 1704 2340 1750 ea
2392 1704 2461 1750 re
2515 1685 2788 1767 probari,
2844 1687 3013 1767 quod
3056 1686 3401 1773 ioreorrjpm
3444 1689 4017 1752 commemorantur
4060 1682 4285 1767 plurali

613 1820 892 1869 numero,
980 1802 1077 1868 De
1128 1802 1228 1868 his
1282 1801 1716 1885 logisteriis
1759 1804 2207 1886 Harpocratioz
2265 1804 2610 1893 λογιστὴρια
2665 1806 2718 1868 δ’
2775 1805 2898 1870 ἐστὶ
2942 1807 3015 1870 τὰ
3060 1810 3175 1871 τῶν
3216 1806 3497 1888 λογιστῶν
3540 1807 3783 1894 ἀρχεῖα,
3840 1807 3925 1874 ὡς
3968 1803 4294 1890 Δείναρχος

614 1921 677 1984 ἐν
723 1931 810 2007 τῷ
860 1921 1013 1984 κατὰ
1077 1921 1476 2008 Τιμοκράτους·
1521 1924 1619 1985 καὶ
1663 1922 1992 2010 Ἀνδοκίδης
2035 1922 2101 1986 ἐν
2152 1929 2236 2008 τῷ
2281 1925 2419 2009 περὶ
2465 1929 2578 1987 τῶν
2625 1925 2967 2012 μυστηρίων
3012 1924 3298 2012 δηλοῦσιν.
3387 1925 3686 1991 Dinarchi
3735 1925 3927 1990 verba
3984 1923 4282 1988 orationis

597 2048 766 2108 ,sunt
824 2041 1207 2124 deperditae,
1272 2041 1548 2124 quidque
1611 2042 1699 2107 ibi
1755 2043 1832 2109 de
1889 2042 2232 2126 logistoriis
2289 2045 2527 2111 dictum
2584 2045 2793 2129 fuerit,
2857 2066 2935 2112 ne
2989 2047 3297 2129 suspicari
3352 2047 3603 2129 quidem
3666 2064 4020 2127 possumus,
4112 2042 4285 2107 Alter

616 2169 829 2228 autem
893 2162 1068 2227 locus
1132 2179 1252 2226 non
1315 2161 1379 2226 in
1435 2161 1576 2244 ipsa
1629 2163 1970 2229 Andocidis
2033 2164 2316 2231 oratione
2376 2165 2629 2248 legitur,
2694 2166 2806 2233 sed
2864 2166 2927 2231 in
2985 2165 3364 2232 Patroclidis
3426 2165 3806 2248 populiscito
3866 2163 3955 2227 ibi
4016 2168 4285 2241 servato,

618 2284 782 2348 unde
837 2281 1111 2349 efficitur
1165 2281 1320 2348 haec
1373 2283 1453 2347 ad
1509 2281 1714 2363 quinti
1768 2284 2005 2349 saeculi
2059 2286 2577 2352 consuetudinem
2636 2294 2945 2370 spectare.
3036 2287 3215 2365 Quod
3262 2305 3409 2352 vero
3467 2285 3919 2368 grammaticus
3962 2281 4294 2364 logisteria

619 2403 773 2468 (licit
832 2401 1205 2485 logistarum
1273 2402 1590 2468 tabularia
1653 2421 1821 2483 esse,
1889 2403 2008 2470 hoc
2067 2406 2358 2486 quamvis
2417 2413 2590 2473 recte
2647 2427 2763 2490 per
2819 2427 2887 2473 se
2944 2407 3237 2474 videatur
3295 2407 3536 2472 dictum
3594 2424 3763 2486 esse,
3830 2403 4067 2470 decreti
4124 2401 4291 2465 illius

619 2523 829 2590 verbis
875 2529 1046 2588 certe
1089 2541 1214 2587 non
1259 2521 1684 2589 confirmatur.
1773 2523 1938 2589 Nam
1982 2524 2048 2588 in
2091 2525 2190 2591 his
2235 2525 2393 2593 nihil
2440 2528 2691 2593 omnino
2737 2529 2815 2594 de
2859 2527 3105 2610 logistis
3149 2527 3335 2606 inest,
3384 2527 3495 2592 sed
3540 2523 3801 2606 euthyni
3843 2525 3906 2588 in
3952 2521 4293 2603 logisteriis

621 2643 914 2708 dicuntur
984 2642 1063 2708 de
1135 2642 1487 2709 rationibus
1557 2642 1822 2709 redditis
1888 2643 2351 2726 dijudicavisse.
2460 2645 2669 2712 Aliam
2728 2648 2865 2729 ejus
2928 2648 3097 2712 vocis
3160 2646 3637 2729 explicationem
3702 2643 3925 2709 Pollux
3990 2643 4126 2724 (lx,
4186 2642 4295 2717 44)

621 2763 910 2844 praebet:
972 2761 1353 2851 λογιστὴριον,
1417 2760 1510 2824 ἵνα
1573 2763 1626 2824 οἱ
1685 2762 1943 2845 loycam}
2004 2765 2417 2847 συνεκάϋιζονς
2482 2787 2645 2848 quae
2704 2770 2759 2833 si
2822 2787 2973 2832 vera
3028 2767 3131 2847 sit,
3194 2772 3436 2832 certum
3496 2765 3807 2832 habeatur
3864 2763 4295 2828 testimonium

622 2883 885 2967 logistas
931 2884 1311 2967 conjunctim
1357 2902 1616 2949 munere
1661 2903 1776 2950 suo
1821 2883 2069 2951 functos
2115 2903 2274 2951 esse.
2352 2887 2439 2951 At
2483 2906 2559 2953 ne
2604 2887 2669 2951 in
2712 2887 2832 2953 hac
2878 2887 3131 2970 quidem
3177 2906 3246 2953 re
3290 2885 3534 2952 Polluci
3578 2883 3847 2950 multum
3894 2881 4295 2948 auctoritatis

623 3005 1002 3085 tribuemus,
1077 3005 1451 3087 praesertim
1517 3008 1656 3069 cuin
1721 3023 1842 3070 non
1908 3011 2157 3071 constet
2224 3024 2369 3072 eum
2432 3006 2551 3073 hoc
2609 3008 2749 3075 loco
2812 3010 2889 3074 de
2952 3007 3261 3074 institutis
3324 3007 3555 3072 Atticis
3616 3003 3851 3087 loqui.2
3956 3004 4301 3068 Praeterea

623 3124 1019 3207 logisterium
1074 3124 1380 3206 singulari
1432 3142 1692 3190 numero
1747 3133 2197 3191 commemorat
2243 3126 2444 3212 [Lys.]
2491 3128 2629 3209 XX,
2684 3132 2793 3193 10:
2856 3130 2953 3190 καὶ
2998 3129 3050 3189 οἱ
3090 3128 3203 3210 μὲν
3252 3128 3344 3190 τὸν
3395 3126 3530 3208 βίον
3577 3123 3811 3187 ἅπαντα
3856 3122 4097 3206 πονηροὶ
4140 3120 4306 3188 ὄντες

618 3245 868 3331 χρηστοὶ
921 3243 984 3306 ἐν
1037 3241 1124 3328 τῷ
1175 3244 1528 3330 λογιστηρίῳ
1583 3244 1917 3330 γεγένηνται
1970 3244 2278 3316 πείσαντες
2327 3247 2457 3316 τοὺς·
2515 3248 2893 3333 κατηγόρους,
2948 3248 3004 3309 οἱ
3057 3246 3111 3308 δ’
3168 3246 3263 3309 ἀεὶ
3318 3245 3451 3328 ὑμῖν
3496 3242 3767 3332 χρηστοί,
3825 3239 3981 3305 οὗτοι
4038 3238 4297 3325 πονηροί.

627 3366 750 3431 Sed
785 3383 990 3447 neque
1028 3383 1104 3429 ex
1141 3364 1257 3430 hoc
1293 3364 1431 3429 loco
1467 3365 1623 3429 certi
1662 3366 2002 3446 quidquam
2051 3365 2128 3431 de
2171 3365 2545 3446 logistarum
2590 3386 2665 3433 ac
2712 3384 3163 3449 synegororum
3208 3363 3475 3447 negotiis
3537 3361 3907 3428 concludere
3960 3377 4299 3443 possumus

625 3504 829 3564 neque
889 3504 966 3548 ex
1023 3484 1134 3563 eis,
1195 3502 1358 3565 quae
1416 3485 1494 3549 de
1539 3484 1866 3549 Timarcho
1925 3486 2160 3567 injuste
2218 3484 2487 3567 logistae
2549 3488 2785 3569 publici
2832 3505 3093 3552 munere
3136 3486 3350 3551 functo
3408 3483 3693 3549 Aeschin.
3744 3483 3818 3564 (I,
3871 3484 4017 3562 107)
4062 3483 4298 3545 narrat.

632 3604 870 3671 Contra
923 3603 1516 3670 commemoratione
1571 3604 1825 3687 dignuin
1879 3604 2034 3668 mihi
2079 3604 2329 3671 videtur
2382 3604 2646 3687 logistas
2702 3607 2947 3673 duobus
2991 3606 3439 3671 Demosthenis
3484 3603 3637 3669 locis
3685 3601 3945 3685 (XVIII,
3997 3603 4143 3664 117:
4199 3598 4300 3661 ὅτε

624 3747 704 3807 με
741 3723 976 3809 εἰσῆγον
1011 3725 1065 3787 οἱ
1097 3724 1370 3806 λογισταί.
1437 3724 1608 3806 XIX,
1656 3727 1802 3791 211.
1848 3723 2198 3810 προσελθὼν
2245 3724 2519 3813 Αἰσχίνης
2548 3726 2740 3790 οὑτοσὶ
2776 3731 2884 3795 τοῖς
2921 3726 3256 3808 λογισταῖς),
3304 3724 3533 3805 quibus
3571 3728 3789 3805 aperte
3826 3720 3902 3787 de
3948 3717 4302 3784 rationibus

629 3846 708 3911 ab
753 3843 878 3909 illis
923 3842 1354 3910 examinandis
1399 3861 1607 3908 sermo
1653 3850 1770 3927 est,
1816 3843 2045 3927 plurali
2091 3843 2295 3911 dictos
2342 3864 2481 3911 esse
2526 3865 2805 3913 numero,
4094 3924 4101 3931 ‚

935 3965 1162 4045 Itaque
1213 3964 1313 4029 his
1369 3963 1660 4029 omnibus
1714 3966 1904 4030 rebus
1959 3966 2284 4048 perpensis
2329 3965 2534 4031 facere
2579 3984 2702 4031 non
2748 3984 3107 4048 possumus,
3164 3965 3315 4046 quin
3362 3963 3685 4044 aliquanto
3732 3962 3978 4026 cautius
4024 3960 4102 4024 de
4144 3957 4297 4038 logi·

632 4092 874 4152 starum
915 4083 1134 4149 officiis
1173 4082 1550 4167 judicemuS.
1623 4082 1922 4151 Fortasse
1958 4103 2060 4151 res
2097 4085 2189 4151 ita
2223 4084 2361 4151 fieri
2400 4086 2663 4169 solebat,
2712 4092 2784 4152 ut
2819 4087 3089 4169 primum
3127 4085 3396 4167 logistae
3436 4081 3663 4165 singuli
3701 4081 3982 4163 singulas
4029 4078 4301 4144 rationes

633 4207 1085 4287 examinarent,
1144 4206 1368 4271 deinde
1415 4206 1691 4273 universi
1739 4206 2155 4289 adjutoribuS,
2211 4207 2250 4273 i.
2299 4226 2352 4274 e.
2401 4208 2894 4288 accusatoribuS,
2952 4206 3279 4289 synegoris
3325 4222 3653 4270 commune
3701 4200 4030 4268 consilium
4076 4199 4307 4265 inirent

633 4332 710 4396 de
783 4328 1292 4396 accusationibus
1367 4334 1586 4395 contra
1656 4327 2066 4411 magistratus
2137 4345 2280 4393 reos
2346 4327 2733 4395 instruendis
2805 4332 2871 4392 et
2942 4324 3400 4408 comparandis,
3505 4324 3684 4401 Quod
3745 4340 3895 4386 vero
3958 4320 4078 4385 viri
4140 4318 4304 4385 docti

633 4452 947 4532 putabant
1001 4450 1217 4514 decem
1275 4446 1473 4514 fuisse
1526 4447 1868 4529 logisteria,
1930 4447 2066 4529 hoc,
2126 4448 2379 4513 etiamsi
2436 4466 2560 4513 non
2611 4466 2913 4529 negemus
2978 4451 3206 4528 quarto
3274 4444 3528 4510 saeculo
3594 4439 3921 4521 complura
3982 4439 4311 4523 logisteria

1031 4608 1243 4615 ——mu

943 4728 961 4759 ¹
1001 4723 1227 4791 Gilbert,
1265 4723 1299 4777 1.
1338 4724 1371 4776 l.
1410 4724 1533 4777 251:
1606 4722 1707 4776 Die
1744 4721 2081 4791 Richtigkeit
2116 4721 2212 4776 der
2248 4719 2523 4775 einzelnen
2559 4720 2991 4787 Abrechnungen
3029 4718 3209 4773 wurde
3248 4717 3474 4772 alsdann
3514 4731 3612 4769 von
3650 4714 3752 4767 den
3790 4714 4062 4783 Logisten,
4108 4710 4307 4765 welche

637 4828 774 4882 wohl
831 4828 916 4881 die
967 4826 1259 4882 Geschafte
1312 4831 1471 4880 unter
1522 4824 1641 4880 sich
1692 4825 1896 4895 teilten,
1951 4824 2181 4895 gepriift.
2263 4824 2390 4879 wil.
2441 4824 2512 4893 11,
2557 4828 2681 4878 232:
2750 4824 2849 4876 Die
2894 4823 3138 4891 logisten‚
3184 4821 3319 4875 zehn
3367 4820 3560 4874 erloste
3606 4818 3833 4885 beamte,
3882 4816 4060 4871 haben
4110 4814 4305 4869 binnen

636 4936 700 4986 30
748 4940 910 5000 tagen
960 4932 1047 4986 die
1096 4931 1442 4999 rechnungen
1492 4946 1558 4984 zu
1607 4930 1890 4999 revidiren,
1941 4944 2048 4984 was
2089 4930 2165 4983 sie
2201 4928 2474 4983 naturlich
2512 4928 2663 4982 nicht
2700 4927 2779 4982 als
2816 4925 3099 4995 collegium
3134 4931 3249 4993 tun,
3294 4923 3525 4978 sonderu
3560 4922 3617 4977 in
3654 4920 4085 4988 arbeitsteiluug:
4138 4916 4308 4970 daher

637 5037 786 5107 giebt
821 5052 876 5091 es
911 5036 1156 5091 mehrere
1191 5036 1440 5103 bureaus,
1477 5036 1794 5105 λογιστήρια,
1831 5032 2150 5087 vermutlich
2188 5034 2266 5086 10.

947 5145 966 5174 ²
1003 5139 1449 5194 Gambreotarum
1509 5138 1830 5207 λογιστήριον
1892 5140 2336 5190 commemoratur
2395 5135 2449 5187 in
2512 5133 2668 5187 titulo
2724 5131 2961 5186 Dittenb.
3020 5131 3147 5200 Syll.
3200 5132 3318 5201 470,
3373 5146 3417 5181 v.
3463 5132 3552 5183 36:
3607 5128 3682 5201 τῷ
3738 5126 3923 5199 πρώτῳ
3982 5124 4309 5193 λογιστηρίῳ.

637 5244 876 5301 Dittenb.
917 5263 996 5315 πμ.
1037 5243 1145 5315 λογ.
1187 5243 1424 5315 explicat
1459 5242 1761 5313 proximum
1799 5240 2114 5309 logistarutn
2153 5252 2473 5305 consessum,
2509 5236 2686 5291 nescio
2726 5251 2794 5291 an
2831 5240 2992 5291 recte.
