4676 5806
2090 341 2164 402 19

1926 428 1963 433 —
1982 427 2330 434 ——-—--—--.——-—-

586 563 712 629 Sed
767 561 1016 628 omnino
1069 561 1378 646 judicium
1436 561 1516 626 de
1570 560 1715 643 illis,
1777 577 2045 642 quorum
2103 560 2287 627 modo
2342 561 2578 626 mentio
2632 558 2803 626 facta
2845 565 2963 642 est,
3018 559 3225 624 titulis
3274 559 3419 643 (Cui
3464 561 3513 642 I,
3561 563 3672 641 34;
3735 558 3810 626 cf.
3857 561 3967 642 IV,

263 707 331 766 p.
385 687 486 750 63.
537 683 618 764 ΙΙ,
667 682 869 764 809b)
927 679 1240 747 difficilius
1286 681 1492 746 visum
1540 685 1659 746 est.
1750 679 2147 762 Quamquam
2206 681 2377 762 quod
2430 679 2639 763 priore
2683 679 2824 744 loco
2870 685 3127 745 cautum
3172 684 3290 760 est,
3346 684 3420 745 ut
3464 679 3779 762 euthynus
3826 697 3969 745 cum

266 804 709 871 assessoribus
773 802 904 868 suis
966 802 1030 867 in
1093 819 1271 866 reum
1335 801 1653 882 quendam
1717 805 1954 866 certam
2028 800 2295 866 multam
2364 805 2704 882 statueret,
2770 799 2941 881 quod
2998 799 3119 865 nisi
3179 797 3505 883 fecissent,
3568 800 3694 882 ipsi
3752 807 3971 866 essent

265 923 515 989 multae
575 922 912 988 solvendae
974 920 1246 1000 obnoxii,
1308 920 1429 985 hoc
1486 920 1580 984 ita
1637 918 1820 985 facile
1865 920 2008 1002 quis
2055 919 2369 1002 explicare
2414 920 2634 1002 possit,
2698 925 2773 985 ut
2816 926 3072 986 censeat
3116 921 3537 1003 euthynorum
3582 925 3971 1002 potestatem

273 1063 348 1110 ac
385 1043 772 1127 provinciam
819 1042 1040 1125 quinto
1085 1039 1340 1107 saeculo
1387 1039 1576 1106 aliam
1622 1039 1818 1106 fuisse
1865 1046 2058 1122 atque
2105 1041 2196 1105 eis
2240 1039 2652 1122 temporibus,
2700 1039 2779 1104 de
2824 1037 3055 1121 quibus
3100 1039 3180 1104 ab
3219 1039 3567 1105 Aristotele
3614 1041 3967 1106 edocemur.

271 1163 402 1229 Sed
447 1163 718 1228 alterum
765 1160 1093 1228 decretum
1147 1159 1579 1242 memorabile,
1639 1159 1809 1241 quod
1855 1160 1932 1225 de
1979 1160 2216 1226 colonis
2262 1161 2326 1224 in
2374 1178 2547 1225 mare
2590 1158 3030 1226 Hadriaticum
3077 1158 3459 1224 deducendis
3502 1157 3739 1224 factum
3786 1177 3969 1224 cura-

271 1291 490 1350 torum
548 1282 872 1348 navalium
926 1278 1253 1346 traditioni
1311 1298 1454 1345 ann.
1502 1281 1700 1356 325J4
1761 1279 2094 1345 institutae
2155 1279 2463 1345 insertum
2524 1283 2641 1359 est,
2703 1296 2846 1342 cum
2902 1276 3096 1343 libelli
3152 1277 3543 1343 Aristotelici
3602 1278 3967 1343 testimonio

277 1403 541 1486 aequale
577 1402 708 1468 fere
746 1401 850 1482 sit,
897 1419 1020 1466 non
1055 1400 1280 1466 eodem
1318 1399 1555 1481 poterit
1600 1399 1786 1464 modo
1831 1398 2152 1480 explicari.
2221 1398 2307 1464 Et
2343 1417 2585 1478 vereor,
2631 1404 2705 1463 ut
2749 1397 3039 1463 omnibus
3085 1397 3241 1462 satis
3287 1396 3615 1478 probabile
3651 1397 3960 1478 videatur,

271 1522 449 1604 quod
491 1521 635 1586 Wil.
683 1519 764 1602 II,
813 1521 958 1600 237,
1017 1537 1075 1584 n.
1123 1517 1267 1584 23.1
1321 1517 1671 1602 proposuit,
1725 1518 1842 1584 hoc
1897 1518 2036 1585 loco
2083 1517 2423 1584 formulam
2467 1519 2884 1585 vetustiorem
2940 1519 3020 1583 ab
3073 1518 3211 1600 ipso
3266 1524 3562 1600 rogatore
3615 1536 3739 1583 non
3794 1521 3969 1582 recte

271 1647 704 1724 perspectam·
739 1640 874 1706 sive
936 1657 1057 1704 non
1119 1643 1294 1703 recte
1357 1638 1705 1705 adhibitam
1766 1640 1992 1719 repeti.
2100 1639 2166 1704 Si
2229 1657 2380 1704 vero
2442 1639 2855 1704 statuerimus
2918 1638 3027 1703 illa
3056 1637 3379 1726 ‚euthynis
3443 1643 3624 1703 extra
3684 1637 3969 1702 ordinem

277 1759 582 1824 mandata
631 1759 824 1825 fuisse
873 1757 1152 1842 (Gilbert
1195 1778 1255 1840 p.
1304 1759 1448 1838 253,
1496 1777 1555 1823 n.
1608 1757 1688 1840 1),
1747 1755 2184 1824 difficultatem
2240 1759 2401 1824 hanc
2444 1759 2643 1842 magis
2690 1757 3029 1824 evitavisse
3075 1777 3265 1840 quam
3310 1758 3748 1840 explanavisse
3793 1757 3968 1823 vide-

281 1877 506 1945 bimur.
595 1879 689 1944 Ac
744 1897 820 1942 ne
875 1877 940 1942 id
997 1876 1251 1958 quidem
1309 1883 1483 1942 recte
1543 1876 1938 1959 disputatum
1997 1885 2298 1960 putamus
2353 1877 2605 1962 (Busolt
2647 1898 2707 1959 p.
2756 1877 2907 1960 227)
2963 1877 3385 1960 euthynorum
3441 1875 3637 1943 fuisse
3696 1879 3968 1943 multam

279 2001 590 2063 statutam
637 1995 926 2062 omnibus
973 1995 1063 2060 eis
1109 1996 1448 2078 imponere,
1500 1996 1627 2077 qui,
1675 2014 1840 2078 quae
1887 1996 2158 2079 populus
2205 1995 2613 2076 decrevisset,
2666 2015 2788 2062 non
2835 1995 3209 2062 effecissent.
3300 1996 3463 2062 Nam
3509 1997 3586 2061 de
3633 1997 3724 2062 eis
3773 2003 3964 2077 certe,

270 2136 436 2200 quos
495 2115 832 2197 descripsit
877 2115 1274 2197 Aristoteles,
1331 2116 1626 2199 euthynis
1681 2115 1810 2182 tale
1867 2116 2020 2198 quid
2073 2135 2387 2198 nusquam
2438 2116 2731 2198 traditur,
2790 2116 3025 2199 quippe
3070 2117 3181 2198 qui
3225 2117 3661 2198 quaesitorum
3706 2135 3967 2182 munere

267 2237 477 2303 functi
541 2233 695 2316 sint,
769 2254 891 2302 non
955 2241 1398 2302 accusatorum
1461 2235 1890 2318 publicorum3
1961 2241 2026 2300 et
2087 2233 2328 2302 frustra
2392 2241 2774 2319 provocatur
2834 2236 2916 2303 ad
2978 2236 3252 2302 Pollucis
3313 2236 3522 2303 locum
3586 2237 3919 2318 quendam,
3942 2236 3970 2279 ²

269 2374 550 2438 quocum
616 2353 1058 2422 conferendum
1123 2362 1222 2422 est
1283 2354 1475 2422 schol.
1542 2356 1623 2421 ad
1683 2355 1848 2421 Plat.
1914 2355 2030 2437 leg.
2078 2355 2223 2437 XII,
2282 2357 2472 2421 945.3
2570 2355 2705 2422 Illis
2768 2357 2932 2422 enim
2996 2357 3378 2425 testimoniis
3439 2359 3831 2439 perturbatis
3894 2377 3969 2426 ac

271 2474 552 2542 confusis
600 2475 851 2541 omnino
897 2474 1052 2539 nibil
1095 2475 1354 2558 probari
1396 2493 1584 2557 posse
1632 2473 1987 2541 rectissime
2031 2475 2278 2540 monuit
2323 2475 2467 2540 Wil.
2514 2475 2597 2556 ΙΙ,
2644 2479 2789 2544 241.

583 2597 902 2678 Attamen,
951 2613 1118 2678 quae
1153 2595 1272 2660 hoc
1309 2593 1497 2660 titulo
1535 2595 1900 2674 traduntur,
1947 2595 2204 2660 minime
2240 2593 2397 2660 talia
2432 2600 2599 2677 sunt,
2646 2595 2859 2677 qualia
2898 2596 2980 2660 ad
3015 2595 3325 2678 euthynos
3364 2603 3613 2664 nostros
3650 2599 3967 2680 pertinere

277 2721 607 2795 nequeant.
673 2714 844 2780 Nihil
887 2715 1071 2795 enim,
1119 2721 1428 2797 quantum
1465 2715 1669 2797 vide0,
1717 2714 1956 2796 obstat,
2004 2716 2157 2796 quin
2202 2715 2635 2781 existimemus
2680 2715 2799 2781 hoc
2843 2734 3096 2798 quoque
3141 2718 3281 2782 loco
3325 2717 3402 2782 de
3446 2718 3798 2784 rationibus
3842 2719 3967 2784 rite

274 2831 609 2900 reddendis
665 2853 804 2899 esse
861 2851 1238 2900 sermonem.
1327 2834 1492 2900 Illud
1551 2834 1755 2923 solum
1811 2835 2141 2917 statuitur,
2201 2839 2276 2901 ut
2329 2833 2451 2918 ipsi
2508 2833 2768 2917 euthyni
2824 2852 2965 2900 cum
3020 2833 3447 2902 assessoribus
3502 2836 3769 2902 multam
3824 2838 3966 2920 lege

270 2950 518 3019 finitam
553 2960 901 3036 praestent,
950 2954 1007 3019 si
1044 2954 1184 3033 quis
1225 2955 1384 3020 certi
1421 2954 1752 3037 cujusdam
1789 2955 2005 3019 delicti
2042 2955 2212 3037 apud
2249 2973 2359 3019 eos
2399 2956 2573 3037 juste
2620 2960 2956 3020 accusatus
3002 2972 3269 3038 poenam
3316 2956 3607 3023 meritam
3654 2956 3963 3039 effugerit.

269 3072 466 3138 Nulla
517 3073 710 3155 igitur
762 3090 832 3139 re
891 3072 1193 3154 cogimur,
1250 3077 1324 3137 ut
1377 3078 1675 3155 putemus
1728 3073 1902 3155 ipsos
1961 3072 2274 3155 euthynos
2329 3074 2409 3139 de
2466 3073 2831 3139 criminibus
2875 3072 2999 3139 illis
3047 3074 3435 3155 judicavisse
3480 3094 3671 3141 causa
3717 3096 3839 3142 non
3884 3077 3966 3143 ad

273 3190 739 3257 thesmothetas
793 3192 1022 3260 delata.
1113 3192 1336 3275 Neque
1389 3191 1456 3257 id
1513 3192 1700 3259 nimis
1745 3192 1945 3259 videri
1999 3199 2214 3276 potest
2257 3192 2544 3259 mirabile
2598 3192 2923 3258 hominum
2982 3193 3373 3276 privatorum
3432 3194 3533 3261 bic
3578 3197 3962 3262 mentionem

277 3304 438 3391 fieri,
487 3325 648 3390 cum,
695 3310 1072 3393 quicumque
1118 3312 1363 3395 aliquas
1407 3331 1511 3378 res
1556 3312 1840 3396 publicas
1890 3314 2424 3381 administrandas
2476 3312 2905 3395 suscepissent
2948 3312 3048 3379 vel
3094 3314 3358 3396 legibus,
3423 3320 3497 3380 ut
3546 3316 3612 3381 id
3665 3314 3963 3399 facerent,

273 3432 494 3493 essent
556 3428 782 3511 coacti,
847 3438 914 3497 et
974 3430 1038 3495 in
1095 3430 1335 3511 judicio
1397 3451 1612 3498 rerum
1673 3438 1997 3515 gestarum
2062 3452 2324 3499 examen
2388 3434 2601 3500 subire
2664 3432 2969 3499 deberent
3028 3438 3095 3499 et
3150 3438 3371 3514 postea
3430 3435 3598 3516 apud
3653 3436 3965 3518 euthynos

269 3546 560 3617 accusari
621 3558 899 3631 possent.
999 3550 1211 3631 Atque
1281 3569 1354 3616 eo
1425 3551 1632 3617 minus
1698 3552 1762 3617 in
1829 3552 1946 3619 hac
2009 3572 2078 3618 re
2142 3552 2583 3619 offendendum
2647 3557 2774 3636 est,
2841 3553 3138 3636 quoniam
3200 3554 3317 3619 hoc
3379 3554 3517 3620 loco
3582 3555 3659 3619 de
3723 3554 3965 3622 colonia

271 3667 638 3734 deducenda
685 3671 914 3751 agitur.

581 3788 753 3865 Quae
801 3808 942 3853 cum
989 3788 1082 3853 ita
1129 3788 1274 3869 sint,
1332 3788 1490 3854 nihil
1545 3790 1704 3856 certi
1748 3791 1826 3856 de
1874 3792 2294 3876 euthynorum
2342 3810 2685 3875 eorumque
2730 3810 3122 3858 assessorum
3168 3794 3439 3877 negotiis
3487 3794 3685 3860 statui
3728 3796 3965 3878 poterit

269 3911 531 3987 praeter
584 3923 688 3984 ea,
746 3923 908 3987 quae
963 3908 1131 3991 apud
1177 3908 1587 3975 Aristotelem
1631 3910 2054 3978 inveniunt-ur.
2154 3912 2272 3978 Illa
2327 3916 2541 3977 tamen
2596 3911 2907 3993 eiusmodi
2962 3916 3138 3994 sunt,
3195 3919 3269 3978 ut
3321 3914 3479 3980 satis
3536 3920 3829 3981 accurate
3884 3916 3963 3983 de

276 4025 534 4091 illorum
578 4028 898 4106 potestate
945 4026 1198 4107 publica
1233 4028 1560 4109 Judicandi
1605 4030 1786 4097 nobis
1836 4032 1994 4096 dent
2037 4030 2408 4098 facultatem
2452 4050 2677 4113 neque,
2732 4032 3045 4113 quomodo
3084 4050 3302 4098 eorum
3348 4033 3669 4115 provincia
3714 4034 3967 4103 differat

269 4165 312 4208 a
355 4144 746 4225 logistarum,
794 4143 858 4207 in
905 4144 1094 4210 dubio
1141 4145 1554 4229 relinquatur.
1645 4147 1927 4230 Poterat,
1986 4150 2274 4232 quisquis
2320 4151 2763 4233 magistratum
2814 4149 3091 4217 criminis
3137 4151 3406 4235 alicujus
3451 4168 3631 4217 reum
3674 4152 3959 4223 facturus

267 4266 430 4341 erat,
497 4269 610 4327 aut
668 4280 969 4346 praesens
1033 4263 1167 4328 sive
1229 4266 1398 4346 apud
1460 4265 1722 4348 logistas
1784 4268 1917 4333 sive
1976 4268 2041 4333 in
2097 4270 2336 4352 judicio
2400 4289 2546 4337 eum
2613 4288 2913 4336 accusare
2972 4275 3085 4336 aut
3139 4270 3441 4353 scriptam
3494 4276 3961 4343 accusationem

271 4379 570 4463 euthynis
625 4384 893 4449 tradere.
984 4382 1305 4460 Quaenam
1351 4390 1566 4451 autem
1628 4387 1863 4471 γραφαὶ
1907 4390 2046 4471 περὶ
2093 4392 2209 4451 τῶν
2251 4388 2519 4453 εὐθυνῶν
2562 4394 2817 4471 praeter
2859 4388 3001 4455 illas
3048 4390 3129 4455 ad
3176 4391 3485 4473 euthynos
3532 4393 3773 4459 delatas
3820 4414 3961 4463 esse

275 4500 615 4580 potuerint,
685 4518 810 4565 non
875 4502 1180 4569 videmus.
1289 4504 1383 4569 Ea
1449 4504 1664 4588 igitur,
1734 4524 1895 4588 quae
1958 4508 2038 4573 ab
2107 4508 2465 4575 oratoribus
2528 4508 2759 4574 Atticis
2826 4508 2903 4574 de
2963 4510 3314 4577 rationibus
3378 4531 3417 4576 a
3480 4514 3962 4596 magistratibus

269 4616 538 4684 redditis
595 4628 1183 4703 commemorantur,
1243 4622 1324 4687 ad
1375 4623 1531 4689 haec
1592 4624 1716 4690 duo
1775 4626 2197 4709 euthynarum
2257 4646 2493 4709 genera
2536 4628 2832 4693 videntur
2875 4634 3165 4709 spectare
3212 4630 3440 4699 omnia.
3530 4632 3763 4698 Utrum
3811 4653 3961 4699 vero

581 4874 602 4907 ¹
637 4872 766 4939 ‚Der
801 4889 969 4943 ganze
1007 4882 1161 4932 tenor
1196 4876 1375 4945 klingt
1409 4879 1538 4932 sehr
1571 4877 1877 4944 archaiscb‚
1912 4880 2024 4934 und
2061 4880 2148 4935 die
2185 4896 2355 4948 ganze
2392 4880 2905 4950 coloniegrundung‚
2950 4898 3019 4936 zu
3056 4881 3155 4938 der
3191 4882 3363 4939 dieses
3398 4883 3707 4954 psephisma
3744 4886 3955 4954 gehort,

269 4970 342 5024 ist
377 4973 462 5027 ein
501 4972 729 5029 ausfluss
767 4974 864 5031 der
898 4974 1282 5046 lykurgischen
1317 4981 1923 5050 restaurationspolitik.
1993 4998 2050 5037 so
2092 4982 2272 5038 durfte
2309 4983 2451 5038 auch
2487 4982 2607 5037 bier
2644 4981 2729 5037 die
2765 4984 2953 5039 formal
2990 4984 3126 5039 eben
3160 5002 3265 5040 nur
3300 4985 3487 5039 formel
3525 4984 3673 5039 sein.‘

581 5078 600 5110 ²
637 5076 784 5145 VIII,
823 5080 946 5132 100:
998 5080 1048 5129 οἱ
1095 5080 1154 5131 δὲ
1203 5080 1425 5145 εὔθυναι,
1473 5080 1644 5151 ὥςπερ
1693 5084 1742 5135 οἱ
1788 5084 2052 5154 πάρεδροι,
2099 5088 2211 5145 τοῖς
2252 5086 2400 5139 ἐννέα
2436 5083 2660 5155 ἄρχουσι
2695 5090 3098 5157 προςαφοῦνταε·
3143 5087 3283 5142 οὗτοι
3320 5086 3687 5155 εῖςπράσσουσι
3722 5088 3804 5139 καὶ
3840 5088 3966 5146 τοὺς·

265 5174 493 5246 ἔχοντας
517 5220 530 5235 ,
559 5220 571 5235 .
599 5222 612 5235 .

578 5288 598 5319 ³
630 5282 924 5355 Ἐκπράσσει
961 5286 1022 5339 δὲ
1057 5288 1086 5338 ὁ
1122 5285 1353 5353 εὔθυνος,
1391 5290 1494 5343 ὅσα
1531 5290 1612 5343 ἐπὶ
1647 5294 1739 5359 τῆς
1771 5292 1956 5361 ἀρχῆς,
1992 5289 2026 5365 ᾗ
2061 5293 2446 5361 προς-τέτακται,
2482 5291 2660 5360 ὤφλόν
2695 5312 2827 5353 τινες
2858 5292 2937 5351 εἷς
2969 5292 3027 5343 τὸ
3063 5291 3323 5359 δημόσιον.
