<?xml version="1.0" encoding="UTF-8"?>
<!DOCTYPE html PUBLIC "-//W3C//DTD XHTML 1.0 Transitional//EN"
    "http://www.w3.org/TR/xhtml1/DTD/xhtml1-transitional.dtd">
<html xmlns="http://www.w3.org/1999/xhtml" xml:lang="en" lang="en">
 <head>
  <title>
</title>
<meta http-equiv="Content-Type" content="text/html;charset=utf-8" />
  <meta name='ocr-system' content='tesseract 3.04.00' />
  <meta name='ocr-capabilities' content='ocr_page ocr_carea ocr_par ocr_line ocrx_word'/>
</head>
<body>
  <div class='ocr_page' id='page_1' title='image "./deatheniensiuml00kochgoog_0026.png"; bbox 0 0 4676 5806; ppageno 0'>
   <div class='ocr_carea' id='block_1_1' title="bbox 2502 323 2585 386">
    <p class='ocr_par' dir='ltr' id='par_1_1' title="bbox 2502 323 2585 386">
     <span class='ocr_line' id='line_1_1' title="bbox 2502 323 2585 386; baseline 0 0"><span class='ocrx_word' id='word_1_1' title='bbox 2502 323 2585 386; x_wconf 76' lang='lat'><strong>20</strong></span> 
     </span>
    </p>
   </div>
   <div class='ocr_carea' id='block_1_2' title="bbox 2335 410 2744 418">
    <p class='ocr_par' dir='ltr' id='par_1_2' title="bbox 2335 410 2744 418">
     <span class='ocr_line' id='line_1_2' title="bbox 2335 410 2744 418; baseline 0 5388"><span class='ocrx_word' id='word_1_2' title='bbox 2335 410 2744 418; x_wconf 95' lang='lat' dir='ltr'><strong> </strong></span> 
     </span>
    </p>
   </div>
   <div class='ocr_carea' id='block_1_3' title="bbox 696 541 4425 1464">
    <p class='ocr_par' dir='ltr' id='par_1_3' title="bbox 697 541 4425 1104">
     <span class='ocr_line' id='line_1_3' title="bbox 698 541 4391 628; baseline -0 -18"><span class='ocrx_word' id='word_1_3' title='bbox 698 544 986 626; x_wconf 81' lang='lat' dir='ltr'>singulae</span> <span class='ocrx_word' id='word_1_4' title='bbox 1055 543 1366 626; x_wconf 87' lang='lat' dir='ltr'><strong>ejusmodi</strong></span> <span class='ocrx_word' id='word_1_5' title='bbox 1429 543 1747 610; x_wconf 87' lang='lat' dir='ltr'><strong>orationes</strong></span> <span class='ocrx_word' id='word_1_6' title='bbox 1817 543 1999 608; x_wconf 91' lang='lat' dir='ltr'><strong>nobis</strong></span> <span class='ocrx_word' id='word_1_7' title='bbox 2073 545 2403 610; x_wconf 86' lang='lat' dir='ltr'><strong>servatae1</strong></span> <span class='ocrx_word' id='word_1_8' title='bbox 2477 543 2725 625; x_wconf 79' lang='lat' dir='ltr'><strong>logistis</strong></span> <span class='ocrx_word' id='word_1_9' title='bbox 2796 541 3195 624; x_wconf 82' lang='lat' dir='ltr'>praesidibus</span> <span class='ocrx_word' id='word_1_10' title='bbox 3267 561 3347 607; x_wconf 85' lang='lat' dir='ltr'><strong>an</strong></span> <span class='ocrx_word' id='word_1_11' title='bbox 3410 541 3855 610; x_wconf 85' lang='lat' dir='ltr'><strong>thesmothetis</strong></span> <span class='ocrx_word' id='word_1_12' title='bbox 3919 542 4173 610; x_wconf 86' lang='lat' dir='ltr'><strong>habitae</strong></span> <span class='ocrx_word' id='word_1_13' title='bbox 4236 545 4391 628; x_wconf 84' lang='lat' dir='ltr'><strong>sint,</strong></span> 
     </span>
     <span class='ocr_line' id='line_1_4' title="bbox 697 660 4391 750; baseline 0.001 -22"><span class='ocrx_word' id='word_1_14' title='bbox 697 664 1072 746; x_wconf 81' lang='lat' dir='ltr'><strong>plerumque</strong></span> <span class='ocrx_word' id='word_1_15' title='bbox 1128 681 1253 727; x_wconf 91' lang='lat' dir='ltr'><strong>non</strong></span> <span class='ocrx_word' id='word_1_16' title='bbox 1311 661 1498 728; x_wconf 87' lang='lat' dir='ltr'><strong>facile</strong></span> <span class='ocrx_word' id='word_1_17' title='bbox 1544 662 1666 728; x_wconf 87' lang='lat' dir='ltr'><strong>erit</strong></span> <span class='ocrx_word' id='word_1_18' title='bbox 1709 662 1788 728; x_wconf 91' lang='lat' dir='ltr'><strong>ad</strong></span> <span class='ocrx_word' id='word_1_19' title='bbox 1835 661 2326 745; x_wconf 85' lang='lat' dir='ltr'><strong>dijudicandum.</strong></span> <span class='ocrx_word' id='word_1_20' title='bbox 2421 661 2907 729; x_wconf 78' lang='lat' dir='ltr'><strong>celeberrimam</strong></span> <span class='ocrx_word' id='word_1_21' title='bbox 2948 661 3128 750; x_wconf 56' lang='lat' dir='ltr'><strong>⁴illam</strong></span> <span class='ocrx_word' id='word_1_22' title='bbox 3184 662 3439 744; x_wconf 87' lang='lat' dir='ltr'><strong>quidem</strong></span> <span class='ocrx_word' id='word_1_23' title='bbox 3485 660 3817 728; x_wconf 84' lang='lat' dir='ltr'><strong>Aeschinis</strong></span> <span class='ocrx_word' id='word_1_24' title='bbox 3873 680 4129 730; x_wconf 82' lang='lat' dir='ltr'><strong>causam</strong></span> <span class='ocrx_word' id='word_1_25' title='bbox 4183 685 4391 748; x_wconf 81' lang='grc' dir='ltr'><strong><em>παρα-</em></strong></span> 
     </span>
     <span class='ocr_line' id='line_1_5' title="bbox 698 772 4425 866; baseline -0.001 -20"><span class='ocrx_word' id='word_1_26' title='bbox 698 772 1037 866; x_wconf 69' lang='grc' dir='ltr'><strong>ἕτρεσβεὶας</strong></span> <span class='ocrx_word' id='word_1_27' title='bbox 1081 800 1196 864; x_wconf 86' lang='lat' dir='ltr'><strong>per</strong></span> <span class='ocrx_word' id='word_1_28' title='bbox 1248 780 1594 864; x_wconf 83' lang='lat' dir='ltr'><strong>euthynum</strong></span> <span class='ocrx_word' id='word_1_29' title='bbox 1649 781 1730 845; x_wconf 87' lang='lat' dir='ltr'><strong>ad</strong></span> <span class='ocrx_word' id='word_1_30' title='bbox 1784 781 2357 848; x_wconf 87' lang='lat' dir='ltr'><strong>thesmothetarum</strong></span> <span class='ocrx_word' id='word_1_31' title='bbox 2406 783 2713 864; x_wconf 89' lang='lat' dir='ltr'><strong>judicium</strong></span> <span class='ocrx_word' id='word_1_32' title='bbox 2774 782 3047 847; x_wconf 83' lang='lat' dir='ltr'><strong>delatam</strong></span> <span class='ocrx_word' id='word_1_33' title='bbox 3115 799 3255 847; x_wconf 89' lang='lat' dir='ltr'><strong>esse</strong></span> <span class='ocrx_word' id='word_1_34' title='bbox 3320 781 3743 848; x_wconf 83' lang='lat' dir='ltr'><strong>certissimum</strong></span> <span class='ocrx_word' id='word_1_35' title='bbox 3801 788 3930 864; x_wconf 68' lang='lat' dir='ltr'><strong>est:</strong></span> <span class='ocrx_word' id='word_1_36' title='bbox 4001 801 4129 865; x_wconf 88' lang='lat' dir='ltr'><strong>qua</strong></span> <span class='ocrx_word' id='word_1_37' title='bbox 4184 784 4265 848; x_wconf 82' lang='lat' dir='ltr'><strong>de</strong></span> <span class='ocrx_word' id='word_1_38' title='bbox 4318 803 4425 850; x_wconf 83' lang='lat' dir='ltr'><strong>re.</strong></span> 
     </span>
     <span class='ocr_line' id='line_1_6' title="bbox 699 900 4381 984; baseline 0 -15"><span class='ocrx_word' id='word_1_39' title='bbox 699 901 984 969; x_wconf 86' lang='lat' dir='ltr'><strong>conferas</strong></span> <span class='ocrx_word' id='word_1_40' title='bbox 1029 901 1174 967; x_wconf 80' lang='lat' dir='ltr'><strong>Wil.</strong></span> <span class='ocrx_word' id='word_1_41' title='bbox 1221 901 1303 982; x_wconf 82' lang='grc' dir='ltr'><strong>Π,</strong></span> <span class='ocrx_word' id='word_1_42' title='bbox 1351 903 1495 982; x_wconf 82' lang='grc'>237,</span> <span class='ocrx_word' id='word_1_43' title='bbox 1542 919 1602 966; x_wconf 90' lang='lat' dir='ltr'><strong>n.</strong></span> <span class='ocrx_word' id='word_1_44' title='bbox 1648 903 1749 967; x_wconf 81' lang='lat'><strong>23.</strong></span> <span class='ocrx_word' id='word_1_45' title='bbox 1840 902 1936 966; x_wconf 89' lang='lat' dir='ltr'><strong>De</strong></span> <span class='ocrx_word' id='word_1_46' title='bbox 1996 903 2226 968; x_wconf 87' lang='lat' dir='ltr'><strong>ceteris</strong></span> <span class='ocrx_word' id='word_1_47' title='bbox 2277 901 2345 968; x_wconf 88' lang='lat' dir='ltr'><strong>id</strong></span> <span class='ocrx_word' id='word_1_48' title='bbox 2389 908 2637 968; x_wconf 89' lang='lat' dir='ltr'><strong>tantum</strong></span> <span class='ocrx_word' id='word_1_49' title='bbox 2688 902 3045 984; x_wconf 84' lang='lat' dir='ltr'><strong>judicemus</strong></span> <span class='ocrx_word' id='word_1_50' title='bbox 3102 919 3181 968; x_wconf 89' lang='lat' dir='ltr'><strong>ne</strong></span> <span class='ocrx_word' id='word_1_51' title='bbox 3236 903 3299 966; x_wconf 90' lang='lat' dir='ltr'><strong>in</strong></span> <span class='ocrx_word' id='word_1_52' title='bbox 3358 919 3485 968; x_wconf 85' lang='lat' dir='ltr'><strong>una</strong></span> <span class='ocrx_word' id='word_1_53' title='bbox 3528 900 3783 984; x_wconf 85' lang='lat' dir='ltr'><strong>quidem</strong></span> <span class='ocrx_word' id='word_1_54' title='bbox 3824 907 4071 970; x_wconf 84' lang='lat' dir='ltr'><strong>certum</strong></span> <span class='ocrx_word' id='word_1_55' title='bbox 4116 903 4381 970; x_wconf 82' lang='lat' dir='ltr'><strong>inveniri</strong></span> 
     </span>
     <span class='ocr_line' id='line_1_7' title="bbox 699 1019 3581 1104; baseline -0.001 -14"><span class='ocrx_word' id='word_1_56' title='bbox 699 1024 1164 1104; x_wconf 76' lang='lat' dir='ltr'><strong>documentum,</strong></span> <span class='ocrx_word' id='word_1_57' title='bbox 1215 1039 1339 1103; x_wconf 89' lang='lat' dir='ltr'><strong>quo</strong></span> <span class='ocrx_word' id='word_1_58' title='bbox 1386 1020 1806 1086; x_wconf 86' lang='lat' dir='ltr'><strong>demonstrari</strong></span> <span class='ocrx_word' id='word_1_59' title='bbox 1849 1021 2052 1103; x_wconf 85' lang='lat' dir='ltr'><strong>possit</strong></span> <span class='ocrx_word' id='word_1_60' title='bbox 2097 1040 2237 1086; x_wconf 85' lang='lat' dir='ltr'><strong>eam</strong></span> <span class='ocrx_word' id='word_1_61' title='bbox 2281 1021 2347 1086; x_wconf 91' lang='lat' dir='ltr'><strong>in</strong></span> <span class='ocrx_word' id='word_1_62' title='bbox 2392 1021 2767 1103; x_wconf 86' lang='lat' dir='ltr'><strong>logistarum</strong></span> <span class='ocrx_word' id='word_1_63' title='bbox 2806 1021 3045 1104; x_wconf 86' lang='lat' dir='ltr'><strong>judicio</strong></span> <span class='ocrx_word' id='word_1_64' title='bbox 3090 1019 3377 1087; x_wconf 89' lang='lat' dir='ltr'><strong>habitam</strong></span> <span class='ocrx_word' id='word_1_65' title='bbox 3422 1039 3581 1088; x_wconf 89' lang='lat' dir='ltr'><strong>esse.</strong></span> 
     </span>
    </p>

    <p class='ocr_par' dir='ltr' id='par_1_4' title="bbox 696 1139 4393 1464">
     <span class='ocr_line' id='line_1_8' title="bbox 1006 1139 4387 1224; baseline 0.001 -18"><span class='ocrx_word' id='word_1_66' title='bbox 1006 1143 1104 1207; x_wconf 91' lang='lat' dir='ltr'><strong>De</strong></span> <span class='ocrx_word' id='word_1_67' title='bbox 1135 1140 1614 1207; x_wconf 88' lang='lat' dir='ltr'><strong>Atheniensium</strong></span> <span class='ocrx_word' id='word_1_68' title='bbox 1661 1140 1910 1222; x_wconf 86' lang='lat' dir='ltr'><strong>logistis</strong></span> <span class='ocrx_word' id='word_1_69' title='bbox 1955 1141 2250 1224; x_wconf 82' lang='lat' dir='ltr'><strong>euthynis</strong></span> <span class='ocrx_word' id='word_1_70' title='bbox 2297 1143 2623 1224; x_wconf 83' lang='lat' dir='ltr'><strong>synegoris</strong></span> <span class='ocrx_word' id='word_1_71' title='bbox 2668 1140 2959 1224; x_wconf 76' lang='lat' dir='ltr'><strong>publicis⁷</strong></span> <span class='ocrx_word' id='word_1_72' title='bbox 3008 1139 3227 1222; x_wconf 89' lang='lat' dir='ltr'><strong>quales</strong></span> <span class='ocrx_word' id='word_1_73' title='bbox 3262 1139 3534 1207; x_wconf 87' lang='lat' dir='ltr'><strong>fuissent</strong></span> <span class='ocrx_word' id='word_1_74' title='bbox 3569 1141 3932 1208; x_wconf 84' lang='lat' dir='ltr'><strong>Aristotelis</strong></span> <span class='ocrx_word' id='word_1_75' title='bbox 3968 1143 4387 1224; x_wconf 80' lang='lat' dir='ltr'><strong>temporibus,</strong></span> 
     </span>
     <span class='ocr_line' id='line_1_9' title="bbox 696 1261 4389 1344; baseline 0.001 -19"><span class='ocrx_word' id='word_1_76' title='bbox 696 1262 854 1328; x_wconf 86' lang='lat' dir='ltr'><strong>haec</strong></span> <span class='ocrx_word' id='word_1_77' title='bbox 906 1261 1263 1342; x_wconf 81' lang='lat' dir='ltr'><strong>habuimuS‚</strong></span> <span class='ocrx_word' id='word_1_78' title='bbox 1320 1278 1484 1341; x_wconf 86' lang='lat' dir='ltr'><strong>quae</strong></span> <span class='ocrx_word' id='word_1_79' title='bbox 1545 1261 1915 1326; x_wconf 84' lang='lat' dir='ltr'><strong>diceremus.</strong></span> <span class='ocrx_word' id='word_1_80' title='bbox 2007 1261 2180 1339; x_wconf 82' lang='lat' dir='ltr'><strong>Quae</strong></span> <span class='ocrx_word' id='word_1_81' title='bbox 2239 1267 2454 1327; x_wconf 89' lang='lat' dir='ltr'><strong>autem</strong></span> <span class='ocrx_word' id='word_1_82' title='bbox 2512 1262 2933 1344; x_wconf 87' lang='lat' dir='ltr'><strong>euthynarum</strong></span> <span class='ocrx_word' id='word_1_83' title='bbox 2978 1262 3339 1326; x_wconf 85' lang='lat' dir='ltr'><strong>Atticarum</strong></span> <span class='ocrx_word' id='word_1_84' title='bbox 3399 1261 3565 1326; x_wconf 87' lang='lat' dir='ltr'><strong>ratio</strong></span> <span class='ocrx_word' id='word_1_85' title='bbox 3619 1261 4085 1344; x_wconf 87' lang='lat' dir='ltr'><strong>antiquioribus</strong></span> <span class='ocrx_word' id='word_1_86' title='bbox 4140 1267 4389 1344; x_wconf 85' lang='lat' dir='ltr'><strong>tempo-</strong></span> 
     </span>
     <span class='ocr_line' id='line_1_10' title="bbox 697 1379 4393 1464; baseline 0.001 -18"><span class='ocrx_word' id='word_1_87' title='bbox 697 1382 893 1463; x_wconf 73' lang='lat' dir='ltr'><strong>ribuS‚</strong></span> <span class='ocrx_word' id='word_1_88' title='bbox 942 1380 1162 1463; x_wconf 89' lang='lat' dir='ltr'><strong>quinto</strong></span> <span class='ocrx_word' id='word_1_89' title='bbox 1206 1380 1604 1461; x_wconf 86' lang='lat' dir='ltr'><strong>potissimum</strong></span> <span class='ocrx_word' id='word_1_90' title='bbox 1654 1381 1924 1462; x_wconf 77' lang='lat' dir='ltr'><strong>saecule,</strong></span> <span class='ocrx_word' id='word_1_91' title='bbox 1971 1380 2183 1464; x_wconf 82' lang='lat' dir='ltr'><strong>fuerit,</strong></span> <span class='ocrx_word' id='word_1_92' title='bbox 2245 1400 2385 1446; x_wconf 87' lang='lat' dir='ltr'><strong>eam</strong></span> <span class='ocrx_word' id='word_1_93' title='bbox 2432 1387 2867 1463; x_wconf 88' lang='lat' dir='ltr'><strong>quaestionem</strong></span> <span class='ocrx_word' id='word_1_94' title='bbox 2914 1383 2979 1446; x_wconf 88' lang='lat' dir='ltr'><strong>in</strong></span> <span class='ocrx_word' id='word_1_95' title='bbox 3025 1381 3199 1446; x_wconf 89' lang='lat' dir='ltr'><strong>aliud</strong></span> <span class='ocrx_word' id='word_1_96' title='bbox 3244 1386 3496 1463; x_wconf 86' lang='lat' dir='ltr'><strong>tempus</strong></span> <span class='ocrx_word' id='word_1_97' title='bbox 3542 1379 3953 1448; x_wconf 86' lang='lat' dir='ltr'><strong>differendam</strong></span> <span class='ocrx_word' id='word_1_98' title='bbox 3996 1383 4393 1464; x_wconf 76' lang='lat' dir='ltr'><strong>putavimus,</strong></span> 
     </span>
    </p>
   </div>
   <div class='ocr_carea' id='block_1_4' title="bbox 693 1599 4396 1774">
    <p class='ocr_par' dir='ltr' id='par_1_5' title="bbox 693 1599 4396 1774">
     <span class='ocr_line' id='line_1_11' title="bbox 1006 1599 4396 1672; baseline -0 -16"><span class='ocrx_word' id='word_1_99' title='bbox 1006 1605 1024 1636; x_wconf 82' lang='lat'>¹</span> <span class='ocrx_word' id='word_1_100' title='bbox 1061 1601 1144 1656; x_wconf 93' lang='lat' dir='ltr'><strong>De</strong></span> <span class='ocrx_word' id='word_1_101' title='bbox 1191 1599 1526 1654; x_wconf 84' lang='lat' dir='ltr'><strong>orationibus</strong></span> <span class='ocrx_word' id='word_1_102' title='bbox 1571 1601 1626 1654; x_wconf 91' lang='lat' dir='ltr'><strong>in</strong></span> <span class='ocrx_word' id='word_1_103' title='bbox 1677 1600 1925 1669; x_wconf 82' lang='lat' dir='ltr'><strong>euthynis</strong></span> <span class='ocrx_word' id='word_1_104' title='bbox 1972 1599 2174 1655; x_wconf 82' lang='lat' dir='ltr'><strong>habitis</strong></span> <span class='ocrx_word' id='word_1_105' title='bbox 2221 1599 2575 1656; x_wconf 85' lang='lat' dir='ltr'><strong>conferendus</strong></span> <span class='ocrx_word' id='word_1_106' title='bbox 2623 1606 2704 1654; x_wconf 85' lang='lat' dir='ltr'><strong>est</strong></span> <span class='ocrx_word' id='word_1_107' title='bbox 2751 1606 2970 1668; x_wconf 86' lang='lat' dir='ltr'><strong>praeter</strong></span> <span class='ocrx_word' id='word_1_108' title='bbox 3017 1599 3212 1653; x_wconf 85' lang='lat' dir='ltr'><strong>Blassii</strong></span> <span class='ocrx_word' id='word_1_109' title='bbox 3261 1599 3457 1654; x_wconf 88' lang='lat' dir='ltr'><strong>librum</strong></span> <span class='ocrx_word' id='word_1_110' title='bbox 3506 1601 3627 1670; x_wconf 86' lang='lat' dir='ltr'><strong>(Die</strong></span> <span class='ocrx_word' id='word_1_111' title='bbox 3662 1601 3911 1656; x_wconf 83' lang='lat' dir='ltr'><strong>Attische</strong></span> <span class='ocrx_word' id='word_1_112' title='bbox 3956 1601 4396 1672; x_wconf 84' lang='lat' dir='ltr'><strong>Beredsamkeit)</strong></span> 
     </span>
     <span class='ocr_line' id='line_1_12' title="bbox 693 1695 1798 1774; baseline 0 -16"><span class='ocrx_word' id='word_1_113' title='bbox 693 1705 958 1774; x_wconf 85' lang='lat' dir='ltr'><strong>imprimis</strong></span> <span class='ocrx_word' id='word_1_114' title='bbox 995 1703 1212 1774; x_wconf 85' lang='lat' dir='ltr'><strong>Lipsius</strong></span> <span class='ocrx_word' id='word_1_115' title='bbox 1245 1705 1360 1758; x_wconf 85' lang='lat' dir='ltr'><strong>Att.</strong></span> <span class='ocrx_word' id='word_1_116' title='bbox 1397 1703 1552 1759; x_wconf 89' lang='lat' dir='ltr'><strong>Proc.</strong></span> <span class='ocrx_word' id='word_1_117' title='bbox 1591 1695 1642 1772; x_wconf 69' lang='lat'><strong>15.</strong></span> <span class='ocrx_word' id='word_1_118' title='bbox 1683 1705 1798 1758; x_wconf 82' lang='lat'><strong>257.</strong></span> 
     </span>
    </p>
   </div>
   <div class='ocr_carea' id='block_1_5' title="bbox 2169 2813 2519 2822">
    <p class='ocr_par' dir='ltr' id='par_1_6' title="bbox 2169 2813 2519 2822">
     <span class='ocr_line' id='line_1_13' title="bbox 2169 2813 2519 2822; baseline 0 2984"><span class='ocrx_word' id='word_1_119' title='bbox 2169 2813 2519 2822; x_wconf 95' lang='lat' dir='ltr'><strong> </strong></span> 
     </span>
    </p>
   </div>
   <div class='ocr_carea' id='block_1_6' title="bbox 2561 2813 2776 2821">
    <p class='ocr_par' dir='ltr' id='par_1_7' title="bbox 2561 2813 2776 2821">
     <span class='ocr_line' id='line_1_14' title="bbox 2561 2813 2776 2821; baseline 0 2985"><span class='ocrx_word' id='word_1_120' title='bbox 2561 2813 2776 2821; x_wconf 95' lang='lat' dir='ltr'><strong> </strong></span> 
     </span>
    </p>
   </div>
  </div>
 </body>
</html>
