4676 5806
2233 290 2391 387 11-

739 511 976 576 Tamen
1014 514 1214 575 totam
1253 509 1566 576 actionem
1603 510 1960 575 accuratius
1997 509 2407 592 explicaturis
2454 509 2807 592 complures
2854 508 3259 576 difficultates
3302 509 3471 576 haud
3516 529 3749 592 parvae
3794 510 4102 577 oriuntur.

429 633 732 712 Primum,
780 630 1036 712 quinam
1083 628 1320 694 fuerint
1363 630 1699 694 decemviri
1745 629 1834 694 illi
1861 613 1920 694 ‘a
1964 649 2128 712 pago
2173 629 2374 713 electi,
2422 649 2544 696 non
2589 632 2685 696 ita
2725 629 2908 696 facile
2952 635 3053 696 est
3094 629 3177 696 ad
3220 630 3676 712 explicandum.
3754 630 4105 698 Schoellius

431 752 686 817 eosdem
725 750 866 816 illos
902 755 1089 832 putat
1124 768 1265 814 esse
1301 755 1496 833 atque
1533 768 1876 832 synegoros
1911 750 2022 832 qui
2057 768 2252 832 supra
2287 756 2874 832 commemorantur,
2923 768 3192 831 eumque
3239 767 3455 815 omnes
3498 749 3633 814 fere
3675 749 3875 816 secuti
3920 750 4105 816 suntl

429 877 688 952 praeter
731 869 1279 936 Haussoullicrum
1333 869 1396 954 (l.
1444 869 1483 936 l.
1530 890 1589 952 p.
1638 872 1747 934 81:
1823 869 2000 935 Nous
2055 888 2133 936 ne
2179 889 2407 936 savons
2463 891 2579 952 pas
2634 871 2780 952 quel
2834 871 2995 936 etait
3046 872 3108 936 le
3161 871 3421 936 nombre
3476 871 3587 936 des
3634 870 3974 952 synegores
4020 870 4105 934 du

429 989 658 1073 deme).
758 990 876 1068 Qui
937 989 1106 1071 quod
1168 1007 1512 1072 synegoros
1570 1007 1691 1054 non
1751 1007 1898 1054 vere
1961 990 2375 1072 magistratus
2438 990 2635 1058 fuisse
2698 991 2857 1056 dixit
2914 992 3065 1074 (Les
3126 992 3464 1074 synegores
3524 1009 3604 1058 ne
3662 996 3806 1056 sont
3860 1009 4005 1072 pas,
4066 989 4107 1054 a

431 1115 839 1193 proprement
897 1111 1136 1192 parler,
1205 1109 1316 1175 des
1380 1109 1774 1192 magistrats:
1841 1127 1912 1174 ce
1977 1116 2123 1175 sont
2185 1111 2296 1176 des
2365 1113 2731 1194 assistants,
2802 1109 3069 1198 βοηθοί),
3141 1111 3206 1177 id
3270 1130 3433 1178 nunc
3496 1110 4100 1193 praetermittamus.

434 1230 547 1294 Rei
592 1229 876 1312 publicae
931 1228 1098 1294 enim
1151 1227 1444 1310 synegori
1499 1228 1648 1310 quin
1703 1229 2117 1311 magistratus
2161 1229 2413 1312 fuerint,
2473 1231 2748 1297 dubitari
2792 1249 2915 1296 non
2958 1229 3126 1296 licet.
3218 1229 3344 1296 Sed
3386 1247 3727 1312 synegoros
3773 1249 3813 1294 a
3856 1229 4102 1295 decem-

433 1349 582 1416 viris
619 1349 1035 1416 secernendos
1073 1367 1212 1414 esse
1258 1355 1433 1414 recte
1480 1349 1732 1414 videtur
1773 1349 2155 1416 existimare.
2236 1349 2401 1416 Nam
2449 1350 2570 1416 etsi
2614 1351 2796 1416 facile
2842 1350 3153 1416 Schoellio
3198 1349 3599 1416 concedimus
3644 1348 4101 1415 obscuritatem

428 1471 744 1552 quandam
809 1469 1052 1534 dicendi
1113 1470 1176 1534 in
1234 1468 1508 1534 decretis
1553 1467 1814 1551 Atticis,
1877 1469 2252 1551 praesertim
2314 1489 2735 1554 paganorum,
2800 1470 2971 1536 haud
3030 1487 3174 1535 raro
3235 1469 3527 1552 inveniri,
3593 1475 3666 1534 ut
3722 1487 3846 1534 non
3902 1471 3967 1534 in
4025 1488 4101 1536 eo

427 1589 869 1656 offendendum
936 1588 1046 1669 sit,
1111 1589 1280 1670 quod
1340 1587 1544 1654 eidem
1605 1588 1790 1654 modo
1854 1589 2144 1672 synegori
2209 1589 2394 1654 modo
2452 1590 2791 1656 decemviri
2850 1590 3273 1672 appellentur,
3338 1596 3552 1654 tamen
3609 1608 3805 1654 unum
3864 1590 4097 1671 obstat,

430 1710 767 1792 quominus
812 1709 871 1775 ei
917 1709 1393 1792 adstipulemur.
1468 1709 1632 1775 Nam
1677 1729 1754 1774 ex
1799 1729 1960 1777 vers,
2008 1713 2110 1776 24.
2161 1711 2593 1793 cognoscimus
2637 1711 2901 1776 multam
2946 1709 3430 1791 magistratibus
3474 1710 3599 1774 reis
3645 1728 3685 1773 a
3728 1708 4101 1774 decemviris

435 1831 842 1898 constitutam
888 1849 1045 1896 esse.
1122 1830 1258 1896 Hoc
1304 1850 1452 1896 vero
1492 1846 1619 1896 non
1666 1849 2118 1913 synegororum
2167 1829 2441 1898 officium
2484 1831 2681 1898 fuisse
2726 1851 2801 1897 ex
2846 1849 3067 1896 eorum
3104 1829 3517 1912 Jurejurando
3560 1828 3787 1894 elucet.
3864 1829 4105 1896 Contra

428 1951 492 2016 in
546 1971 622 2016 ea
668 1949 925 2032 jurandi
977 1949 1264 2032 formula,
1325 1953 1504 2033 cujus
1558 1951 1874 2032 posterior
1926 1969 2074 2034 pars
2119 1969 2281 2017 vers,
2330 1956 2389 2018 9.
2437 1969 2574 2034 sqq.
2622 1939 2877 2018 servata
2926 1955 3043 2034 est,
3100 1954 3273 2016 recte
3318 1949 3453 2016 sine
3498 1948 3688 2016 dubio
3736 1949 4101 2032 suppletum

427 2079 527 2138 est
585 2071 712 2156 [καὶ
771 2068 1016 2158 τιμὴσ]ω
1072 2089 1126 2137 e.
1181 2089 1240 2152 q.
1299 2090 1348 2140 s,
1451 2067 1799 2153 Propterea
1857 2089 1982 2137 non
2046 2077 2228 2138 extra
2283 2070 2745 2138 dubitationem
2802 2070 2955 2136 mihi
2998 2071 3249 2136 videtur
3305 2070 3586 2152 positum
3645 2086 3785 2135 esse
3840 2069 4099 2152 euthyni

428 2191 586 2257 illud
623 2189 1066 2275 jusjurandum
1105 2190 1305 2257 esse.²
1375 2190 1638 2256 Accedit
1673 2190 1843 2274 quod
1891 2191 2294 2257 sollemniora
2336 2191 2527 2276 hujus
2566 2191 2979 2276 jurisjurandi
3015 2190 3213 2256 verba
3256 2190 3592 2255 concinunt
3634 2188 4099 2272 quodammodo

430 2327 570 2376 cum
613 2309 1022 2378 heliastarum
1065 2311 1238 2396 ὅρκῳ
1279 2311 1346 2376 in
1387 2311 1836 2378 Demosthenis
1881 2310 2166 2377 oratione
2211 2311 2607 2378 Timocratea
2650 2316 2923 2378 servato.
3005 2303 3169 2376 Nam
3211 2309 3369 2376 illud
3413 2310 3628 2393 negari
3682 2329 3804 2375 non
3864 2310 4102 2393 poterit

426 2430 816 2496 decemviros
877 2431 1021 2497 illos
1073 2431 1297 2514 judicii
1353 2430 1558 2497 instar
1617 2435 1865 2497 creatos
1925 2448 2084 2497 esse.
2172 2431 2376 2497 Immo
2434 2451 2511 2497 ne
2562 2432 2785 2515 judicii
2846 2429 3281 2517 (δικαστηρίου)
3329 2447 3555 2496 nomen
3601 2430 3857 2512 quidem
3901 2449 3940 2496 a
3982 2431 4098 2496 tali

425 2570 812 2634 paganorum
869 2551 1115 2617 actione
1169 2569 1428 2634 prorsus
1482 2551 1756 2617 alienum
1809 2550 2292 2633 inauditumque
2342 2551 2541 2619 fuisse
2593 2551 2986 2619 memorabili
3042 2550 3507 2618 Aexonensium
3566 2550 3821 2617 decreto
3877 2571 4099 2618 sumus

425 2672 651 2755 edocti,
719 2671 890 2754 quod
951 2672 1116 2737 inter
1180 2671 1337 2740 alios
1399 2671 1620 2738 titulos
1683 2673 2087 2738 Aexonenses
2147 2672 2228 2740 H.
2295 2673 2369 2740 G.
2434 2673 2681 2756 Lolling
2740 2673 2933 2758 (Mitt.
2992 2672 3050 2739 d.
3113 2673 3173 2738 d.
3232 2670 3402 2738 arch.
3462 2671 3617 2738 Inst.
3673 2691 3725 2738 z.
3783 2672 3931 2738 Ath.
3986 2673 4095 2754 IV,

426 2812 488 2874 p.
543 2794 661 2857 193
705 2793 872 2876 sqq.)
933 2793 1132 2859 edidit
1185 2797 1380 2875 atque
1441 2791 1776 2859 enarravit.
1882 2793 2064 2872 Quod
2121 2795 2412 2876 quamvis
2470 2794 2765 2860 mutilum
2822 2792 2926 2876 sit,
2987 2809 3365 2874 cognoscere
3420 2809 3759 2874 possumus
3816 2809 4099 2874 paganos

425 2914 598 2995 ipsos
647 2912 933 2996 judicum
989 2930 1250 2979 munere
1305 2911 1558 2979 functos
1616 2931 1757 2978 esse
1813 2913 2105 2995 praeside
2164 2914 2573 2995 demarcho³;
2638 2914 2751 2981 sed
2807 2913 2895 2980 ibi
2949 2932 3074 2980 non
3128 2913 3207 2979 de
3250 2913 3546 2995 euthynis
3590 2912 3819 2995 agitur.
3911 2914 4099 2996 Apud

421 3032 880 3116 Myrrhinusios
969 3050 1220 3115 quoque
1290 3032 1664 3099 demarchus
1739 3032 2164 3098 decemvirum
2257 3034 2497 3116 judicio
2572 3034 2998 3116 praesidebat.
3122 3032 3581 3099 Accusatorum
3664 3038 3880 3116 partes
3962 3033 4097 3100 sine

423 3152 615 3219 dubio
688 3154 976 3235 synegori
1049 3153 1348 3236 agebant,
1431 3153 1542 3235 qui
1606 3153 1979 3236 juraverant
2042 3154 2467 3240 συνηγορῂσειν
2510 3150 2597 3239 τῷ
2660 3152 2854 3242 δήμῳ.
2966 3151 3291 3231 Quomodo
3357 3157 3571 3219 autem
3637 3154 3857 3235 verba,
3934 3172 4098 3236 quae

424 3272 708 3354 proxime
765 3272 1197 3356 insequuntur,
1258 3272 1680 3357 intellegenda
1724 3273 1854 3339 sint
1897 3274 2020 3359 (καὶ
2059 3320 2278 3342 .....
2315 3272 2517 3337 εῐσϋαι
2576 3270 2617 3334 ἃ
2673 3270 2747 3335 ἄν
2798 3296 2901 3356 μοι
2955 3271 3123 3335 δοκεῖ
3170 3270 3511 3335 δικαιότατα
3564 3268 3760 3355 εἶναι),
3820 3273 4097 3339 nondum

425 3390 578 3455 mihi
622 3390 844 3473 liquet.
920 3392 1101 3471 Quod
1135 3394 1297 3458 euim
1317 3365 1731 3461 'Kumanudis
1768 3392 1982 3476 posuit
2023 3393 2379 3479 ψηφιεῖσθαι
2421 3392 2780 3459 litterarum
2826 3392 3113 3475 vestigiis
3159 3391 3315 3458 satis
3361 3397 3600 3475 aptum,
3647 3393 3726 3457 de
3770 3392 4095 3475 synegoris

422 3516 597 3579 recte
656 3512 782 3578 dici
838 3530 1026 3595 posse
1083 3530 1206 3579 non
1263 3514 1677 3597 putaverim,4
1739 3513 1910 3580 aliud
1970 3513 2122 3596 quid
2185 3512 2427 3580 frustra
2484 3512 2917 3596 circumspexi.
2938 3514 2961 3555 ⁵
3062 3511 3186 3579 Sed
3245 3512 3549 3595 quidquid
3609 3514 3686 3578 de
3745 3513 3843 3579 his
3903 3513 4095 3581 rebus

730 3668 750 3702 1
784 3666 934 3721 Haec
978 3667 1138 3722 etiam
1175 3666 1573 3721 Wilamowitzii
1622 3666 1712 3737 (11,
1765 3668 1882 3735 239)
1933 3666 2199 3720 sententia
2245 3664 2459 3720 videtur
2506 3680 2635 3734 esse,
2683 3680 2804 3721 cum
2844 3664 3229 3735 jusjurandum
3275 3666 3607 3734 (ψηφιεῖσθαι
3656 3666 3691 3717 ἃ
3737 3664 3797 3718 ἄν
3828 3681 3920 3730 μοι
3956 3668 4101 3718 δοκεῖ

421 3768 714 3823 δικαιότατα
761 3767 905 3840 εἴναι)
951 3770 1022 3823 ad
1073 3769 1400 3825 decemviros
1447 3770 1660 3825 referat.
1739 3772 1814 3823 At
1859 3768 2122 3838 quomodo
2169 3769 2271 3822 hoc
2318 3782 2439 3823 cum
2485 3768 2561 3821 eis
2605 3774 2892 3837 congruat,
2944 3782 3081 3837 quae
3129 3784 3181 3837 p.
3228 3770 3326 3821 232
3372 3784 3421 3822 n.
3470 3769 3515 3822 7.
3564 3767 3725 3835 dixit,
3769 3783 3877 3825 non
3922 3768 4092 3824 video.

727 3872 748 3907 ²
781 3870 906 3925 Non
963 3872 1096 3925 mihi
1155 3872 1396 3941 contigit,
1457 3878 1518 3927 ut
1570 3886 1700 3928 vers.
1757 3875 1802 3926 8.
1859 3878 1912 3926 et
1947 3874 1994 3925 9.
2049 3870 2409 3940 probabiliter
2460 3870 2811 3926 restituerem.
2884 3871 3033 3926 Haec
3086 3878 3265 3927 tamen
3320 3871 3515 3939 dispici
3574 3884 3733 3939 posse
3791 3869 3922 3924 mihi
3979 3870 4095 3925 visa

419 3980 566 4028 eunte
681 4014 694 4027 .
716 3974 832 4037 ἐμοὶ
879 3974 1090 4047 οὑ[δὲν·]
1150 3976 1232 4028 καὶ
1285 3976 1486 4035 εἰδότος
1535 3976 1689 4047 ἐμο[ῦ
1713 4018 1726 4030 .
1753 4018 1764 4029 .
1793 4017 1806 4031 .
1833 4018 1844 4030 .
1871 3996 1887 4029 ι
1913 4017 1925 4029 .
1952 3974 2016 4046 .]ν
2071 3973 2243 4047 ε[ἴνα]ι
2299 3974 2556 4037 οὐδεμίαν·
2614 3973 2742 4045 [κ]αὲ
2797 3972 2884 4027 ἐὰν
2936 3990 2979 4029 e.
3036 3992 3084 4043 q.
3131 3990 3172 4029 fl.
3252 3973 3395 4029 Illud
3448 3974 3617 4043 igitur
3670 3979 3901 4045 apparet
3958 3972 4093 4027 haec

419 4077 597 4131 omnia
634 4078 706 4131 ad
743 4076 966 4131 eandem
995 4077 1218 4145 jurandi
1254 4078 1537 4134 formulam
1573 4078 1856 4147 pertinere.

726 4180 748 4213 ³
783 4176 906 4233 Non
948 4176 1234 4235 demarcho
1282 4186 1614 4248 accusatore,
1661 4178 1805 4249 quod
1843 4178 2148 4247 Lollingius
2190 4177 2445 4249 putabat3
2492 4184 2867 4233 accusatorum
2913 4185 3097 4248 partes
3143 4180 3290 4250 apud
3336 4178 3583 4249 syndicos
3628 4173 3871 4249 profecto
3920 4184 4093 4249 eraut,

420 4297 646 4350 quorum
695 4281 770 4336 ibi
819 4282 1016 4337 mentio
1067 4280 1142 4337 fit.
1212 4284 1326 4339 Nec
1373 4283 1701 4338 consentiam
1750 4299 1872 4337 cum
1913 4281 2182 4351 Lollingio
2226 4280 2609 4350 ,iusjurandum
2657 4281 2810 4349 illud,
2860 4282 3005 4351 quod
3054 4282 3133 4336 tit.
3183 4281 3274 4336 IV.
3325 4282 3525 4351 legitur
3569 4282 3819 4353 quodque
3868 4282 4092 4336 similem

418 4383 585 4439 habet
638 4383 935 4440 clausulam
984 4392 1148 4455 atque
1193 4386 1265 4455 id,
1320 4387 1386 4442 de
1433 4401 1537 4455 quo
1589 4386 1746 4441 modo
1795 4384 2042 4453 diximus,
2095 4384 2198 4439 nisi
2250 4383 2395 4453 quod
2440 4384 2723 4453 Neptunus
2770 4401 2869 4454 pro
2918 4385 3166 4454 Apolline
3219 4385 3426 4455 positus
3474 4390 3569 4454 est,
3624 4384 3695 4440 ad
3745 4384 4093 4441 demarchum

424 4486 762 4543 referendum
797 4502 940 4557 esse;
977 4486 1214 4558 syndicis
1247 4490 1428 4557 potius
1463 4490 1546 4545 vel
1581 4480 1714 4558 ips'is
1747 4504 2087 4558 paganorum
2116 4486 2398 4555 judicibus
2431 4487 2517 4541 his
2552 4487 2728 4543 verbis
2758 4487 3053 4555 jurandum
3088 4486 3252 4542 fuisse
3288 4486 3623 4543 crediderim.

727 4593 750 4625 ⁴
787 4590 1121 4660 Quamquam
1158 4590 1261 4645 hoc
1295 4592 1524 4647 maxime
1560 4590 1722 4647 verbo
1758 4596 1876 4647 tota
1911 4590 2168 4647 Schoellii
2204 4590 2269 4646 de
2305 4591 2581 4661 synegoris
2616 4590 2910 4659 disputatio
2945 4590 3159 4645 insistit.

728 4695 750 4729 ⁵
785 4694 842 4749 Si
890 4710 1018 4749 vera
1059 4700 1201 4764 sunt,
1250 4709 1388 4763 quae
1431 4710 1598 4765 supra
1647 4694 2048 4764 disputavimus,
2097 4694 2399 4763 putandum
2445 4695 2550 4749 erit
2594 4694 2659 4749 de
2706 4694 2928 4765 euthyni
2976 4693 3169 4749 officiis
3214 4700 3267 4750 et
3306 4694 3663 4763 Jurejurando
3711 4694 3900 4765 primis
3948 4694 4093 4751 tituli

419 4794 662 4851 versibus
706 4796 911 4851 dictum
959 4796 1136 4853 fuisse.
1212 4798 1487 4866 Quaenam
1523 4813 1647 4853 vero
1698 4798 1814 4865 ejus
1857 4804 2043 4869 partes
2087 4796 2302 4867 fuerint,
2350 4813 2457 4853 non
2500 4794 2659 4851 facile
2703 4798 3065 4866 exputabitur.
3137 4798 3202 4852 In
3236 4802 3391 4853 tanta
3427 4797 3735 4867 explicandi
3772 4796 4093 4855 difficultate

421 4900 609 4955 licebit
643 4898 870 4955 fortasse
905 4900 1069 4955 aliam
1105 4917 1316 4971 quoque
1354 4899 1658 4955 coniciendi
1693 4902 1832 4955 viam
1869 4901 2176 4971 significare
2211 4901 2452 4971 quamvis
2486 4916 2593 4955 non
2629 4901 2786 4957 nimis
2820 4900 3172 4971 probabilem.
3242 4900 3382 4955 Nam
3417 4900 3463 4955 si
3499 4900 3793 4957 concedere
3826 4902 4092 4971 possimus

425 5000 750 5057 Schoellium
797 5009 944 5058 recte
995 5003 1350 5072 ,iudicavissffi
1408 5018 1531 5057 cum
1577 5018 1762 5059 versus
1804 5006 1836 5055 9
1881 5018 1994 5073 sqq.
2046 5004 2118 5060 ad
2163 5004 2385 5074 euthyni
2424 5003 2807 5072 jusjurandum
2855 5000 3105 5070 referret,
3154 5002 3387 5058 coniciat
3436 5004 3701 5073 quispiam
3760 5009 3883 5058 ante
3927 5004 4092 5061 verba

425 5104 778 5177 [ψηφι]εῖσὺαι
824 5123 866 5161 e.
907 5124 955 5175 q.
994 5122 1034 5161 s,
1081 5106 1348 5176 lapicidae
1399 5122 1582 5161 errore
1618 5105 1868 5161 omissum
1913 5123 2027 5163 esse
2062 5110 2185 5169 τοὺς
2218 5109 2347 5162 δέκα
2382 5107 2505 5167 τοὺς
2537 5106 2856 5177 αἱρεθέντας.
2930 5106 3080 5161 Haec
3117 5106 3431 5173 conjectura
3465 5112 3757 5177 propterea
3790 5122 3897 5163 non
3932 5108 4091 5163 nimis

425 5206 634 5264 videtur
678 5209 875 5279 audax,
925 5207 1069 5279 quod
1114 5214 1257 5265 totus
1305 5210 1494 5266 titulus
1541 5210 1848 5265 incredibili
1895 5226 2068 5279 paene
2109 5210 2451 5281 neglegentia
2495 5214 2747 5265 exaratus
2794 5214 2886 5267 est.
2962 5208 3066 5267 Sed
3109 5209 3243 5264 haec
3278 5208 3598 5265 indicavisse
3634 5208 3767 5264 satis
3802 5208 4087 5283 habemus;

430 5318 554 5368 utra
588 5312 895 5386 explicandi
933 5314 1070 5370 ratio
1108 5313 1442 5387 probabilior
1477 5316 1563 5383 sit,
1601 5314 1694 5371 alii
1731 5312 2042 5384 dijudicent.
