4676 5806
2433 320 2469 381 8

618 542 784 609 viam
857 540 1114 626 ingredi.
1223 542 1588 608 Putaverim
1662 542 2070 624 praecipuam
2141 542 2205 606 in
2269 544 2477 610 verbis
2546 542 2967 610 Aristotelicis
3038 541 3163 608 vim
3236 540 3635 609 tribuendam
3708 562 3849 610 esse
3912 542 4119 611 verbis
4192 546 4311 614 τοῖς·

615 661 978 743 ὑπευθύνοις,
1035 669 1108 728 ιιι
1162 663 1429 746 legistae
1483 664 1593 743 illi,
1651 663 1730 728 de
1781 664 2010 746 quibus
2057 682 2265 730 sermo
2311 670 2430 746 est,
2479 670 2545 729 et
2588 663 2881 746 synegori
2927 669 3099 729 recte
3145 669 3211 728 et
3254 669 3549 730 accurate
3592 663 4066 746 distinguantur
4110 670 4177 730 et
4221 667 4303 730 ab

617 784 910 867 euthynis
957 789 1022 850 et
1065 785 1145 849 ab
1191 784 1334 865 illis,
1384 785 1462 848 de
1507 784 1736 865 quibus
1781 789 1970 849 antea
2016 784 2254 848 dictum
2301 789 2458 866 erat,
2506 785 2752 866 logistis
2800 784 3153 850 senatoriis,
3225 784 3297 849 In
3342 783 3453 849 illa
3496 784 3661 850 enim
3708 785 3957 850 actione
4001 803 4298 868 compen-

617 904 838 986 diaria,
885 922 1076 985 quam
1123 904 1200 968 de
1248 905 1536 968 omnibus
1581 903 2062 985 magistratibus
2107 904 2625 986 hypeuthynis
2670 906 3031 972 institutam
3076 925 3217 971 esse
3264 905 3553 985 diximuS,
3613 905 3763 987 quin
3808 911 4063 987 praeter
4106 907 4303 971 denos

619 1025 884 1106 logistas
943 1042 1415 1106 synegorosque
1469 1023 1676 1088 nullus
1723 1023 2135 1102 magistratus
2183 1043 2442 1089 munere
2485 1023 2739 1090 functus
2784 1026 2885 1107 sit,
2942 1043 3063 1091 non
3110 1031 3326 1107 potest
3368 1025 3665 1091 dubitari.
3756 1026 3936 1103 Quod
3980 1027 4035 1091 si
4083 1044 4303 1092 verum

617 1151 736 1226 est,
789 1144 855 1209 in
908 1143 1264 1226 philosophi
1313 1143 1520 1209 verbis
1575 1143 1846 1210 fortasse
1901 1143 2056 1208 nihil
2109 1151 2226 1226 est,
2283 1146 2453 1227 quod
2497 1165 2612 1210 nos
2659 1151 2846 1227 cogat
2890 1152 3133 1228 putare,
3181 1146 3300 1210 hoc
3342 1145 3482 1210 loco
3527 1145 3989 1228 discrepantem
4036 1147 4303 1212 alterins

616 1265 946 1346 cujusdam
1009 1265 1362 1346 opinionem
1421 1263 1678 1330 refelli.¹
1769 1265 2016 1346 Restat,
2077 1271 2150 1329 ut
2209 1266 2286 1330 de
2329 1265 2854 1348 Harpocrationis
2908 1266 3045 1331 loco
3106 1285 3307 1349 pauca
3350 1266 3675 1332 addamus.
3766 1265 3851 1330 Et
3894 1266 4105 1348 potuit
4150 1285 4305 1333 sane

617 1385 696 1449 ab
742 1384 993 1449 homine
1037 1403 1248 1448 rerum
1297 1383 1657 1449 Atticarum
1715 1384 1920 1448 minus
1967 1403 2162 1464 gnaro
2207 1383 2392 1451 facile
2437 1386 2532 1452 ita
2576 1387 2794 1468 errari,
2852 1390 2925 1451 ut
2970 1387 3385 1468 magistratus
3430 1387 3797 1454 muneribus
3843 1385 4174 1452 defunctos
4218 1388 4297 1450 ad

617 1503 760 1570 illos
813 1504 1094 1570 rationes
1149 1503 1474 1568 rettulisse
1531 1508 1805 1584 putaret,
1863 1522 1977 1584 per
2031 1522 2190 1584 quos
2235 1506 2795 1585 praevaricationis
2841 1526 3078 1589 poenas
3124 1527 3162 1572 a
3208 1507 3688 1589 magistratibus
3734 1507 3968 1588 petitas
4014 1525 4156 1572 esse
4200 1506 4294 1571 vel

619 1624 788 1705 apud
835 1623 1245 1690 Aristotelem
1291 1623 1388 1688 vel
1435 1623 1604 1706 apud
1650 1623 1840 1688 alium
1889 1623 2259 1704 scriptorem
2305 1624 2585 1705 legisset.
2668 1626 2940 1691 Maxime
2986 1628 3153 1691 enim
3198 1626 3597 1707 grammatici
3642 1626 3707 1692 id
3751 1627 3959 1708 ipsum
4008 1626 4296 1692 videntur

617 1745 850 1826 egisse,
925 1750 999 1809 ut
1069 1744 1369 1808 docerent
1438 1743 1749 1822 euthynos
1821 1743 2104 1810 diversos
2179 1742 2376 1810 fuisse
2438 1766 2477 1810 a
2535 1745 2843 1830 logistis.‘²
2943 1746 3269 1823 Quomodo
3332 1751 3547 1812 autem
3610 1745 3931 1828 differant,
3996 1763 4075 1811 ne
4140 1766 4299 1812 unus

615 1863 871 1946 quidem
925 1883 1144 1930 eorum
1197 1863 1619 1944 demonstrat3
1675 1862 1832 1928 s'atis
1885 1863 2123 1928 habent
2175 1862 2451 1930 indicare
2504 1871 2809 1947 utrosque
2863 1866 2927 1930 in
2985 1865 3336 1932 rationibus
3388 1865 3724 1931 reddendis
3770 1864 4088 1932 adhibitos
4138 1885 4296 1933 esse.

616 1985 852 2050 Tamen
897 1981 1448 2051 Wilamowitzium
1504 1989 1752 2049 rectum
1799 1983 2051 2064 vidisse,
2110 2003 2252 2049 cum
2300 1984 2541 2050 diceret
2583 1986 3150 2068 Harpocrationem
3204 1991 3423 2051 nostro
3469 2004 3721 2084 quoque
3764 1986 3900 2051 loco
3947 1987 4293 2052 doctrinam

615 2107 696 2171 ab
741 2104 1150 2171 Aristotelica
1196 2103 1509 2169 diversam
1574 2103 1772 2185 sequi,
1837 2123 1960 2170 non
2016 2104 2373 2188 praefracte
2418 2124 2739 2188 negemus,
2829 2106 2995 2171 Fieri
3052 2107 3217 2171 enim
3272 2111 3503 2189 potest,
3559 2112 3634 2171 ut
3694 2106 3818 2188 ille,
3882 2125 3957 2171 ex
4012 2127 4139 2189 quo
4182 2126 4297 2173 sua

615 2224 846 2305 hausit,
895 2225 973 2290 de
1018 2226 1208 2289 rebus
1253 2225 1508 2290 saeculo
1553 2229 1780 2305 quarto
1825 2223 2290 2305 antiquioribus
2335 2224 2582 2291 dixerit.
2674 2225 2796 2290 Sed
2842 2227 2919 2292 de
2964 2226 3083 2292 hac
3129 2245 3197 2291 re
3243 2226 3365 2292 alio
3413 2226 3550 2294 loco
3597 2227 3937 2293 videndum
3984 2227 4124 2292 erit.

923 2345 1104 2409 Nunc
1140 2344 1336 2424 igitur
1371 2349 1444 2408 ut
1479 2343 1649 2408 illius
1689 2343 2208 2426 compendiariae,
2257 2363 2448 2425 quam
2486 2325 2777 2428 diximuS,
2826 2347 3245 2429 euthynarum
3283 2347 3552 2413 actionis
3598 2347 3933 2429 imaginem
3979 2348 4297 2429 quandam

614 2470 1182 2547 repraesentemuS,
1243 2465 1321 2530 de
1379 2464 1754 2545 logistarum
1815 2468 1881 2528 et
1939 2481 2391 2546 synegororum
2452 2467 2720 2548 negotiis
2766 2467 3169 2534 disseramus,
3259 2468 3621 2550 Logistas
3675 2467 3837 2548 illos,
3893 2485 4049 2549 quos
4096 2467 4290 2533 Arist.

617 2603 750 2667 cap.
802 2589 903 2650 54.
969 2589 1436 2667 commemorat,
1499 2603 1620 2650 non
1682 2583 2149 2651 confundendos
2208 2603 2351 2650 esse
2413 2603 2553 2650 cum
2614 2586 2725 2668 eis,
2784 2586 2861 2652 de
2919 2588 3149 2669 quibus
3206 2607 3340 2672 cap.
3390 2592 3488 2655 48.
3551 2588 3789 2656 dictum
3835 2593 3991 2670 erat,
4053 2587 4293 2670 primns

615 2705 830 2770 docuit
884 2706 942 2770 J.
989 2705 1066 2771 Η.
1115 2705 1367 2788 Lipsius
1425 2703 1747 2788 (Berichte
1804 2703 1916 2769 der
1968 2704 2172 2770 sachs.
2231 2704 2377 2770 Ges,
2439 2705 2498 2770 d.
2548 2705 2733 2773 Wiss.
2788 2710 2971 2788 1891,
3030 2707 3090 2772 S.
3140 2709 3271 2792 65),
3328 2726 3515 2789 quem
3570 2714 3826 2791 praeter
3880 2708 4295 2774 Thumserum

614 2826 682 2909 (l.
730 2825 768 2891 l.
819 2827 962 2907 652,
1020 2845 1077 2892 n.
1125 2827 1192 2906 4)
1241 2825 1372 2890 fere
1418 2843 1635 2890 omnes
1697 2825 1898 2890 secuti
1962 2830 2126 2890 sunt.
2229 2823 2397 2888 Huic
2459 2831 2671 2890 autem
2736 2846 2859 2892 non
2920 2827 3213 2911 contigit,
3278 2834 3350 2893 ut
3413 2846 3637 2894 causas
3700 2827 3959 2894 afferret
4018 2828 4295 2908 idoneaS,

615 2948 846 3030 quibus
908 2948 1108 3029 Lipsii
1179 2948 1496 3015 sententia
1564 2946 2029 3031 infringeretur.
2139 2947 2319 3024 Quod
2391 2948 2555 3013 enim
2625 2954 2967 3031 utrumque
3028 2950 3358 3033 collegium
3427 2950 3730 3016 denorum
3796 2950 4074 3016 virorum
4139 2955 4293 3031 erat,

615 3073 954 3151 utrumque
1003 3054 1186 3135 ⁴sorte
1246 3068 1524 3149 ductum,
1586 3075 1926 3150 utrumque
1987 3069 2206 3134 eadem
2263 3068 2651 3136 nominatum
2714 3070 3155 3153 appellatione,
3216 3070 3279 3135 in
3337 3089 3410 3136 eo
3468 3070 3571 3135 vix
3630 3068 3922 3149 offendet,
3990 3070 4099 3150 qui
4153 3088 4294 3151 per-

617 3188 914 3269 spexerit,
977 3206 1166 3269 quam
1212 3207 1336 3252 non
1382 3188 1716 3270 diligentes
1760 3187 1998 3254 fuerint
2043 3188 2463 3253 Athenienses
2508 3190 2573 3254 in
2618 3190 3097 3270 magistratibus
3142 3188 3550 3271 appellandis,
3633 3188 4035 3271 Logistarum
4082 3195 4291 3255 autem

616 3308 654 3374 i.
696 3328 748 3375 e.
789 3308 1245 3374 calculatorum
1290 3325 1516 3373 nomen
1563 3305 1690 3374 tale
1735 3313 1852 3389 est,
1901 3306 2089 3390 quale
2135 3308 2215 3373 ad
2261 3308 2693 3375 diversissima
2738 3310 3223 3391 magistratuum
3268 3327 3502 3391 genera
3544 3308 3957 3391 significanda
4000 3310 4297 3393 usurpari

613 3433 885 3509 poterat.
959 3428 1182 3509 Neque
1218 3445 1296 3492 ea
1337 3446 1408 3511 re
1452 3427 1800 3509 quidquam
1843 3426 2134 3509 efficitur,
2181 3427 2351 3509 quod
2396 3428 2603 3510 priore
2650 3428 2788 3495 loco
2834 3432 2909 3513 (c.
2950 3432 3059 3511 48)
3103 3430 3369 3511 logistas
3414 3430 3766 3497 senatorios
3812 3448 3952 3495 cum
3999 3427 4295 3517 euthynis

615 3550 983 3631 conjunctos
1028 3548 1334 3614 videmus,
1425 3546 1590 3611 Nam
1644 3548 1794 3629 quin
1850 3546 1914 3612 id
1959 3546 2040 3612 ob
2085 3564 2223 3613 eam
2269 3565 2405 3611 rem
2448 3546 2687 3615 factum
2733 3550 2835 3630 sit,
2893 3550 3062 3632 quod
3108 3551 3365 3633 euthyni
3412 3568 3663 3632 qnoque
3708 3568 3747 3615 a
3789 3554 4014 3615 senatu
4059 3549 4297 3613 fuerint

613 3675 786 3735 sorte
846 3670 1061 3750 creati,
1125 3668 1404 3733 dubitari
1459 3667 1698 3749 nequit.
1791 3670 1883 3733 Ac
1942 3665 2351 3733 confirmatur
2393 3668 2591 3751 Lipsii
2646 3671 2963 3745 sententia
3015 3670 3375 3753 diligentius
3431 3674 3762 3753 perspecto
3808 3668 4043 3747 ordine,
4100 3686 4293 3749 quem

614 3788 994 3855 Aristoteles
1031 3789 1095 3852 in
1131 3786 1572 3853 enumerandis
1608 3786 2090 3868 magistratibus
2127 3792 2385 3854 secutus
2421 3793 2538 3855 est.
2613 3790 2826 3855 Denos
2869 3790 3063 3871 igitur
3105 3790 3369 3871 logistas
3417 3789 3556 3857 illos
3600 3807 3714 3871 pro
3760 3793 3933 3854 certo
3977 3787 4287 3855 habemns

614 3928 736 3975 non
811 3930 850 3973 a
921 3914 1174 3990 senatu,
1245 3908 1357 3973 sed
1432 3908 1600 3973 sicut
1667 3907 2004 3990 plerosque
2078 3907 2497 3991 magistratus
2571 3909 2855 3992 publicos
2918 3930 3041 3976 uno
3106 3912 3454 3993 eodemque
3517 3911 3617 3976 die
3680 3928 3820 3975 cum
3884 3908 4293 3975 archontibus

613 4031 818 4115 (Dem.
865 4029 1097 4111 XXIV,
1150 4032 1272 4095 150
1315 4030 1515 4113 ὅρκος)
1573 4034 1745 4095 sorte
1799 4029 2177 4095 constitutos
2223 4047 2384 4111 esse,
2440 4030 2718 4113 singulos
2764 4034 2837 4097 ut
2882 4030 3132 4095 videtur
3176 4048 3252 4095 ex
3297 4029 3556 4112 singulis
3603 4030 3925 4110 tribubus3
3982 4048 4126 4094 nam
4172 4029 4292 4093 alia

615 4152 779 4217 ratio
843 4151 1010 4217 inter
1069 4169 1177 4216 eos
1232 4150 1564 4231 tribusque
1623 4150 2014 4216 intercedere
2059 4149 2162 4215 vix
2219 4157 2491 4232 poterat.
2583 4149 2763 4229 Quod
2806 4150 2975 4233 apud
3020 4150 3214 4215 schol.
3263 4148 3553 4215 Aeschin.
3600 4150 3716 4233 III,
3764 4169 3825 4230 p.
3875 4151 3995 4213 765
4045 4150 4117 4213 R.
4167 4154 4290 4214 est:

610 4272 880 4358 λογιστὴς
925 4269 1181 4356 ἑκάστης
1225 4271 1411 4356 φυλῆς
1458 4268 1556 4351 εἷς,
1610 4270 1756 4335 huic
1807 4268 1963 4335 nihil
2017 4270 2423 4337 tribuendum
2480 4290 2725 4337 censeo,
2814 4271 2947 4337 Nec
2990 4290 3140 4336 vero
3197 4270 3339 4351 plus
3385 4271 3784 4336 auctoritatis
3829 4268 4083 4351 habent,
4132 4288 4289 4351 quae

613 4392 1058 4473 insequuntur:
1127 4389 1492 4476 γραμματέα
1551 4390 1618 4453 δὲ
1680 4389 1915 4454 ἕκαστοι
1975 4387 2151 4478 εἶχον·
2209 4390 2369 4474 λέγει
2428 4389 2529 4455 οὖν
2588 4394 2685 4455 νῦν
2745 4392 2840 4455 τὸν
2897 4394 3011 4454 τῶν
3068 4391 3363 4473 λογιστῶν.
3448 4390 3615 4456 Fieri
3674 4394 3844 4455 certe
3889 4393 4158 4471 poterat,
4216 4392 4288 4450 ut

611 4511 987 4592 logistarum
1025 4512 1286 4593 collegio
1333 4512 1586 4578 scriba
1631 4516 1819 4593 esset,
1868 4510 2058 4594 idque
2103 4514 2180 4577 de
2227 4513 2432 4594 quinti
2478 4512 2711 4578 saeculi
2757 4511 3004 4592 logistis
3050 4510 3306 4576 tricenis
3353 4517 3526 4577 certo
3572 4510 3805 4574 scimus
3846 4508 3991 4591 (Cia
4022 4508 4072 4591 I,
4120 4508 4288 4583 228).

613 4632 735 4697 Sed
793 4632 1137 4698 scholiasta
1191 4634 1328 4715 ejus
1382 4632 1474 4696 rei
1531 4632 1714 4697 testis
1769 4630 1991 4696 haberi
2046 4632 2284 4713 nequit,
2343 4652 2483 4698 cum
2542 4638 2761 4715 aperte
2816 4651 2933 4698 sua
2985 4652 3061 4697 ex
3106 4632 3306 4713 ipsius
3354 4631 3621 4698 oratoris
3669 4630 3878 4697 verbis
3926 4628 4295 4695 confinxerit

688 4791 742 4796 —
820 4790 1036 4797 —-—-—.-.--.
1054 4792 1069 4795 -
1146 4790 1222 4797 ---,

919 4889 940 4921 ²
973 4886 1056 4941 De
1089 4886 1234 4950 μόνοι
1280 4888 1334 4939 in
1379 4885 1534 4950 μόνον
1571 4886 1656 4941 vel
1685 4887 1863 4951 μόνοις
1909 4888 2288 4957 corrigendum
2335 4887 2507 4957 primo
2553 4888 2930 4955 cogitaveram,
2974 4893 3164 4956 postea
3208 4886 3523 4943 sententiam
3572 4886 3790 4941 mutavi.
3863 4885 4109 4939 Ceterum
4154 4882 4289 4937 nihil

612 4988 667 5044 in
704 4988 902 5057 papyri
937 4988 1113 5043 verbis
1147 4990 1304 5056 inest,
1341 4989 1484 5057 quod
1522 4989 1912 5045 dubitationem
1947 4991 2164 5059 habeat,
2201 4991 2304 5046 nisi
2342 4991 2487 5058 quod
2524 4991 2785 5045 articulus
2820 4992 2869 5043 οἱ
2903 4990 2960 5045 in
2996 4990 3181 5046 codice
3219 4992 3443 5045 omissus
3479 4988 3661 5045 deesse
3697 5006 3803 5043 non
3839 4996 4033 5059 potest.

921 5095 957 5135 ²-
977 5092 1052 5146 (tf,
1097 5092 1383 5161 Harpocr„
1431 5109 1483 5160 p.
1537 5094 1649 5147 121.
1700 5094 1968 5147 διείλεκται
2015 5096 2128 5163 περὶ
2177 5095 2371 5146 τούτων
2420 5094 2478 5163 (i.
2514 5109 2560 5148 e.
2596 5098 2697 5145 τῶν
2745 5095 3014 5165 λογιστῶν)
3065 5093 3155 5163 Ἀρ.
3208 5096 3259 5146 ἐν
3309 5100 3378 5167 τῇ
3412 5095 3511 5149 3429.
3564 5095 3697 5161 πολ.,
3745 5093 3873 5145 ἔνθα
3920 5094 4165 5147 demvm-m
4214 5090 4292 5143 ὅτι

615 5198 924 5266 διαφέρουσι
961 5201 1061 5248 τῶν
1095 5196 1339 5251 εὐθύνων.
1414 5195 1534 5249 Non
1573 5195 1711 5263 fugit
1746 5212 1830 5250 me
1867 5211 1947 5263 ea,
1996 5212 2134 5263 quae
2170 5204 2331 5251 antea
2369 5196 2435 5251 de
2468 5196 2679 5264 logistis
2716 5196 3017 5267 tradantur,
3060 5212 3169 5253 non
3204 5213 3271 5250 ex
3306 5197 3621 5278 Aristotele,
3633 5212 3745 5251 esse
3780 5196 3977 5265 petita3
4027 5210 4131 5263 quo
4171 5196 4293 5263 quis

611 5305 926 5369 argumento
961 5301 1042 5355 uti
1077 5301 1246 5369 possit
1282 5301 1353 5354 ad
1388 5299 1708 5355 firmandam
1745 5299 2142 5354 Wilamowitzii
2183 5300 2517 5355 sententiam.
