4676 5806
2267 352 2301 427 ἰ’

2433 451 2491 460 ..-

443 586 726 682 proba'ta,
775 581 965 676 virOS,
1014 607 1173 675 quos
1208 579 1363 656 nihil
1398 581 1550 656 mali
1585 578 1650 654 in
1685 600 1947 656 munere
1985 580 2481 655 administrando
2519 581 2912 654 commisisse
2949 579 3199 670 judices
3244 580 3757 670 declaravissent,
3804 579 4011 654 denuo
4046 577 4127 652 de

451 717 832 798 magistratu
893 721 1073 793 gesto
1131 711 1418 793 potuisse
1480 711 1544 774 in
1600 709 1908 792 judicium
1972 709 2228 776 vocari?
2331 709 2513 774 Hauc
2574 707 3011 774 difficultatem
3073 709 3345 775 enodare
3408 709 3515 774 vix
3574 727 3942 792 possumus,
4008 709 4127 774 nisi

443 835 809 915 statuimus,
864 833 1041 914 prius
1094 831 1250 896 illud
1295 848 1560 895 examen
1603 830 1802 911 magis
1847 827 2344 912 perfunctorium
2391 830 2573 911 quasi
2618 849 2742 895 non
2786 828 3107 912 propriam
3143 829 3341 895 fuisse
3380 831 3693 896 actionem
3732 829 4123 912 judicialem,

441 959 506 1022 in
570 973 774 1038 eoque
832 952 1075 1036 judices
1141 951 1357 1034 populi
1425 950 1883 1032 quodammodo
1947 950 2118 1014 vices
2180 949 2475 1032 gessisse.
2565 949 2881 1015 Probatur
2945 949 3011 1013 id
3068 947 3341 1014 fortasse
3407 948 3599 1014 etiam
3663 967 3740 1014 ea
3801 968 3889 1032 re,
3954 950 4123 1031 quod

442 1076 761 1142 interdum
833 1072 1146 1154 euthynas
1219 1076 1474 1152 praeter
1540 1071 1782 1154 γραφάς
1849 1075 1918 1134 et
1989 1067 2159 1138 δίκας
2227 1076 2755 1134 commemoratas
2826 1069 3143 1134 videmus:
3224 1068 3439 1153 [Xen]
3530 1067 3671 1133 Πολ.
3727 1069 3842 1133 Ἀθ.
3896 1068 4012 1149 III,
4066 1072 4106 1132 2

450 1194 686 1280 [Dem.]
731 1192 954 1273 XLVI,
1003 1195 1061 1256 9.
1154 1190 1332 1268 Quod
1376 1189 1500 1255 etsi
1545 1190 1703 1255 satis
1742 1191 1876 1271 jain
1920 1189 2087 1253 inter
2131 1207 2349 1254 omnes
2398 1195 2665 1271 constat,
2729 1195 2943 1253 tamen
3001 1187 3119 1256 hoc
3175 1190 3313 1254 loco
3372 1189 3449 1254 de
3508 1188 3822 1254 industria
3878 1189 4127 1270 plenius

446 1315 875 1398 exposuimus,
957 1311 1128 1395 quod
1191 1311 1404 1391 magni
1466 1316 1567 1375 est
1631 1310 1932 1375 momenti
1997 1310 2078 1373 ad
2141 1310 2589 1393 euthynarum,
2664 1328 2823 1391 quas
2886 1308 3384 1391 compendiarias
3447 1309 3747 1391 diximus,
3816 1309 4126 1374 rationem

443 1433 937 1516 cognoscendam
983 1437 1050 1496 et
1093 1429 1527 1496 definiendam.

750 1553 982 1618 Omnes
1045 1549 1478 1631 magistratus,
1543 1567 1667 1615 non
1733 1550 1936 1614 solum
1997 1563 2126 1631 eos,
2195 1549 2305 1630 qui
2368 1547 2611 1616 fraudis
2672 1549 2941 1632 alicujus
2998 1548 3277 1632 suspecti
3339 1555 3571 1631 essent,
3638 1554 3788 1631 post
3848 1549 4127 1616 muneris

441 1693 676 1741 annum
738 1673 801 1739 in
857 1673 1144 1754 judicum
1196 1672 1560 1754 juratorum
1616 1670 1924 1754 judicium
1983 1670 2377 1735 introductos
2438 1689 2578 1735 esse
2638 1669 2986 1736 Schoellius
3042 1669 3107 1752 (l.
3154 1669 3193 1735 1.
3242 1689 3304 1750 p.
3356 1669 3477 1758 13),
3520 1670 3861 1752 perspexit.
3960 1672 4128 1752 Apte

441 1796 561 1861 hoc
625 1812 884 1860 examen
947 1792 1114 1874 gesti
1179 1791 1588 1873 magistratus
1654 1809 1796 1856 cum
1842 1789 1950 1855 illo
2013 1798 2450 1871 comparatum
2514 1796 2644 1873 est,
2710 1791 2839 1872 cui,
2907 1797 3245 1872 antequam
3308 1790 3749 1873 magistratum
3814 1797 4125 1873 gererent,

443 1913 712 1996 subJecti
775 1917 958 1978 erant
1015 1931 1253 1992 omnes,
1314 1911 1421 1993 qui
1483 1912 1584 1996 yel
1645 1917 1816 1976 sorte
1870 1911 1972 1975 vel
2034 1909 2349 1992 suffragiis
2405 1912 2486 1976 ad
2538 1929 2767 1976 munus
2826 1911 3140 1992 quoddam
3198 1911 3497 1978 destinati
3550 1915 3750 1977 erant.
3838 1911 4128 1992 Utroque

441 2037 626 2116 enim,
689 2041 756 2099 et
810 2031 1162 2118 δοκιμασίας
1211 2037 1277 2098 et
1337 2032 1623 2111 εὐθυνῶν,
1675 2031 1913 2113 judicio
1978 2031 2451 2114 prohibebatur,
2512 2050 2590 2096 ne
2649 2032 2790 2113 quis
2845 2037 3065 2097 contra
3114 2032 3353 2114 populi,
3416 2032 3586 2114 apud
3644 2049 3834 2113 quem
3880 2050 4130 2098 summa

441 2161 731 2236 potestas
785 2158 941 2233 crat,
998 2152 1395 2218 voluntatem
1449 2156 1564 2216 aut
1616 2157 1979 2232 capesseret
2032 2170 2164 2216 rem
2219 2151 2539 2234 publicam
2595 2157 2709 2217 aut
2753 2170 3012 2216 munere
3058 2169 3173 2216 suo
3224 2153 3400 2234 juste
3444 2156 3745 2232 recteque
3790 2151 4129 2218 defunctus

446 2291 585 2338 esse
659 2272 997 2338 videretur.
1105 2269 1420 2353 Euthynis
1496 2269 1914 2352 dijudicandis
1994 2271 2343 2352 quingenos
2421 2272 2703 2354 singulos
2777 2270 3055 2337 adfuisse
3123 2271 3371 2353 judices
3446 2271 3508 2336 in
3581 2271 3699 2337 lex.
3767 2271 4125 2356 cantabrig.

442 2413 502 2474 p.
551 2395 694 2476 672,
759 2393 1053 2473 traditur,
1116 2410 1320 2473 neque
1380 2397 1497 2472 est,
1564 2410 1678 2456 cur
1734 2391 1812 2456 de
1869 2409 1943 2456 ea
2001 2410 2071 2455 re
2130 2391 2511 2458 dubitemus.
2601 2392 2799 2456 Porro
2844 2410 3062 2457 omnes
3108 2391 3418 2473 ejusmodi
3466 2410 3690 2458 causas
3736 2411 3774 2457 a
3818 2393 4129 2473 logistis

445 2513 793 2578 instructas
848 2531 1010 2593 esse,
1067 2511 1130 2575 in
1184 2529 1259 2575 eo
1314 2515 1380 2574 et
1423 2518 1672 2576 veteres
1727 2514 1793 2575 et
1836 2511 2258 2576 recentiorum
2305 2517 2660 2594 temporum
2708 2511 2828 2576 viri
2874 2511 3040 2576 docti
3088 2511 3505 2578 consentiunt.
3598 2511 3667 2576 In
3715 2512 3867 2578 solis
3914 2518 4127 2576 autem

444 2641 813 2716 praetorum
860 2631 1172 2714 euthyniS,
1221 2649 1488 2712 quarum
1535 2630 1786 2695 omnino
1832 2630 2169 2712 singularis
2216 2638 2359 2696 erat
2404 2632 2707 2712 condici0,
2759 2631 3145 2713 praesidium
3192 2636 3331 2697 erat
3374 2649 3567 2712 penes
3612 2631 4127 2714 thesmothetaS,¹

443 2771 684 2833 easque
747 2751 826 2816 ob
894 2770 1034 2815 eam
1112 2769 1247 2816 rem
1325 2750 1406 2815 ab
1482 2748 1598 2815 hac
1674 2751 2157 2832 quaestiuncula
2223 2751 2647 2834 segregandas
2714 2751 3026 2817 duximus.
3132 2751 3278 2816 Una
3344 2770 3486 2816 cum
3553 2750 3800 2832 logistis
3868 2770 4127 2816 munere

443 2871 870 2955 fungebantur
900 2870 1253 2953 synegori
1285 2869 1543 2952 quidam
1616 2869 1906 2939 ‹Aristot.
1955 2867 2100 2936 Πολ.
2129 2871 2245 2936 Ἀθ.
2297 2874 2398 2939 54.
2472 2872 2621 2939 Lex.
2657 2871 2835 2938 Cant.
2869 2872 2909 2938 l.
2942 2872 2983 2937 l.
3059 2871 3207 2937 Lex.
3242 2869 3494 2955 Seguer.
3528 2869 3603 2953 V,
3638 2871 3836 2938 Bekk.
3868 2870 3919 2955 Ι,
3969 2874 4123 2946 301;

443 2992 517 3057 cf.
565 2992 760 3055 etiam
807 2990 1004 3071 Harp.
1051 3008 1112 3071 p.
1165 2990 1344 3072 173);
1405 2989 1716 3070 euthynos
1771 2996 1985 3054 autem
2040 2992 2120 3055 ab
2175 2989 2285 3056 illa
2331 2993 2581 3058 actione
2625 2991 3092 3075 compendiaria
3139 2993 3378 3059 alienos
3424 2992 3619 3058 fuisse
3664 3012 3827 3059 nunc
3872 2992 4125 3075 scimuS‚

443 3120 590 3177 ante
639 3111 1002 3177 Aristotelis
1046 3110 1276 3177 librum
1322 3111 1647 3175 inventum
1691 3128 1770 3173 ne
1815 3110 2128 3192 suspicari
2174 3110 2429 3191 quidem
2473 3112 2816 3195 potuimus.

761 3230 942 3307 Quod
1015 3236 1228 3329 autern
1297 3231 1676 3295 Aristoteles
1738 3229 1995 3295 disertis
2060 3230 2272 3295 verbis
2340 3238 2579 3315 monet,
2654 3231 2857 3297 solos
2929 3232 3193 3313 logistas
3256 3252 3397 3298 cum
3464 3232 3785 3317 synegoris
3851 3233 4131 3299 rationes

446 3348 870 3432 hypeuthynis
927 3312 1280 3414 reddendas
1343 3352 1681 3426 curavisse,
1697 3350 1724 3393 ²
1780 3349 1844 3414 id
1890 3350 2409 3416 Wilamowitzius
2469 3352 2544 3435 (Ι,
2607 3353 2759 3433 227)
2822 3352 2915 3417 ita
2970 3353 3345 3436 explicabat,
3408 3360 3480 3418 nt
3542 3354 3951 3420 Aristotelem
4011 3353 4130 3417 hoc

445 3468 584 3535 loco
657 3468 920 3534 alterius
991 3470 1318 3551 cujusdam
1391 3470 1716 3551 scriptoris
1790 3487 2066 3535 errorem
2140 3469 2419 3535 refutare
2494 3477 2797 3537 censeret.
2907 3471 3251 3555 Comparat
3318 3472 3484 3537 enim
3563 3491 3705 3537 cum
3764 3474 3889 3554 eis,
3965 3492 4129 3555 quae

445 3589 615 3671 apud
671 3595 959 3654 nostrum
1014 3586 1335 3669 leguntur,
1393 3587 1952 3671 Harpocrationis³
2003 3588 2226 3671 verba3
2301 3608 2379 3655 ex
2434 3591 2525 3657 eis
2580 3590 2827 3657 elucere
2895 3592 3097 3657 virum
3152 3593 3436 3673 doctum,
3508 3594 3689 3677 cujus
3745 3594 4129 3661 auctoritate

445 3710 603 3776 haec
665 3709 980 3789 nitantur,
1051 3706 1288 3791 primas
1351 3708 1415 3773 in
1477 3708 1962 3790 magistratuum
2030 3709 2382 3776 rationibus
2444 3710 2777 3777 reddendis
2842 3717 3059 3794 partes
3122 3730 3244 3777 non
3304 3712 3584 3795 logistis,
3659 3714 3771 3780 sed
3834 3713 4129 3796 euthynis

447 3831 764 3896 tribuisse.
841 3830 1038 3894 Recte
1069 3828 1215 3893 Wil.
1254 3828 1575 3912 indicavit,
1623 3828 1775 3911 quid
1811 3828 1876 3893 in
1911 3829 2026 3894 tali
2063 3830 2402 3895 verborum
2439 3831 2963 3913 interpretatione
2999 3851 3223 3913 parum
3270 3833 3569 3900 credibile
3616 3834 3719 3899 sit.
3796 3834 4123 3912 Quomodo

448 3950 614 4015 enim
661 3949 849 4014 homo
895 3948 1177 4031 aequalis
1223 3950 1300 4013 de
1345 3949 1469 4014 illis
1513 3949 1826 4015 institutis
1871 3949 2138 4032 publicis
2192 3956 2324 4015 tam
2369 3968 2670 4033 perversa
2707 3952 2959 4017 tradere
3004 3953 3257 4034 potuit?
3345 3952 3505 4018 Tota
3550 3972 3653 4019 res
3699 3956 4014 4035 quomodo
4060 3974 4129 4019 se

446 4068 696 4149 habeat,
758 4084 882 4132 non
937 4068 1092 4132 satis
1147 4067 1354 4135 adhuc
1410 4076 1807 4151 perspectum
1857 4068 2108 4134 videtur
2161 4074 2228 4134 et
2280 4070 2497 4136 licebit
2548 4078 2719 4136 certe
2778 4072 2897 4137 viri
2952 4072 3298 4139 doctissimi
3345 4091 3498 4156 pace
3544 4074 3733 4139 aliam
3780 4074 4127 4157 explicandi

482 4225 492 4229 -
516 4224 627 4233 με--
660 4224 777 4231 .-.--.α-

754 4308 770 4341 ¹
810 4304 1105 4371 Gilbertus,
1159 4305 1250 4372 qui
1295 4305 1328 4359 l.
1367 4305 1400 4365 1.
1439 4321 1492 4373 p.
1535 4309 1651 4373 251,
1701 4323 1752 4361 n.
1790 4310 1836 4360 2.
1889 4306 1992 4361 hoc
2039 4307 2248 4362 Polluci
2287 4306 2434 4371 VIII,
2472 4310 2554 4363 88.
2609 4308 2831 4363 credere
2882 4309 3069 4377 noluit,
3126 4310 3323 4365 oblitus
3376 4318 3458 4367 est
3512 4326 3623 4368 rem
3676 4313 3779 4367 sibi
3835 4330 3955 4367 cum
4008 4314 4127 4381 ipso

446 4407 739 4461 Aristotele
775 4406 1066 4475 gerendam
1103 4421 1216 4460 esse
1252 4405 1397 4477 (Πολ.
1436 4409 1535 4465 Ἆθ.
1577 4411 1677 4478 59).

755 4514 774 4543 ²
801 4508 944 4563 Οὒτοι
978 4511 1086 4579 γάρ
1119 4508 1218 4561 εἰσι
1249 4511 1394 4573 μόνοι
1433 4512 1523 4583 [οἱ]
1561 4514 1672 4571 τοῖς
1703 4512 2006 4573 ὑπευθύνοις
2037 4512 2357 4583 λογιζόμενοι
2390 4516 2473 4567 καὶ
2508 4516 2601 4575 τὰς
2634 4516 2859 4576 εὐθύνας
2892 4516 2968 4575 εἰς
3002 4518 3059 4570 τὸ
3093 4518 3415 4587 δικαστήριον
3450 4518 3755 4588 εῑςάγοντες.

754 4614 778 4647 ³
813 4628 864 4679 p,
892 4615 972 4668 88.
999 4613 1169 4667 Bekk
1197 4611 1402 4665 εὔθυμοι
1425 4616 1590 4680 ὄνομα
1621 4618 1796 4685 ἀρχῆς
1827 4615 1944 4685 παρ’
1968 4614 2260 4685 Ἀθηναίοις·
2296 4620 2324 4669 ι’
2351 4620 2434 4671 τὸν
2470 4620 2689 4687 ἀριθμὸν
2724 4618 2855 4688 ἦσαν
2890 4616 3090 4688 ἄνδρες,
3128 4620 3249 4687 παρ’
3276 4620 3355 4695 οἷς
3374 4622 3616 4673 ἐδίδοσαν
3641 4623 3691 4673 οἱ
3714 4623 4132 4692 πρεσβεύσαντες

446 4712 478 4783 ἢ
514 4711 768 4781 ἄρξαντες
812 4716 843 4783 ἢ
891 4716 1240 4785 διυικήσαντές
1285 4734 1330 4767 τι
1378 4723 1476 4769 τῶν
1523 4720 1785 4786 δημοσίων
1833 4718 1925 4778 τὰς
1965 4720 2203 4780 εὐθύνας·
2249 4722 2518 4773 διείλεκται
2568 4722 2680 4791 περὶ
2727 4720 2897 4773 αὐτῶν
2929 4720 3281 4792 Ἀριστοτέλης
3314 4724 3369 4774 ἐν
3403 4728 3465 4797 τῇ
3501 4722 3601 4779 Ἀθ.
3642 4725 3752 4779 πολ.
3826 4725 4129 4779 Concedere

449 4833 559 4872 non
586 4832 801 4886 possum
829 4832 965 4885 eum,
1002 4820 1093 4885 qui
1128 4821 1263 4875 haec
1301 4820 1533 4889 scripsit,
1569 4837 1794 4885 errasse,
1831 4838 1950 4876 cum
1988 4825 2155 4893 ἀρχὴν
2190 4825 2453 4893 eutbynos
2491 4825 2708 4878 diceret.
2770 4822 2889 4878 Non
2927 4823 3067 4878 enim
3104 4840 3135 4878 a
3172 4821 3276 4879 fori
3302 4825 3474 4879 Attici
3509 4840 3610 4879 usu
3645 4826 3878 4881 alienum
3911 4826 4126 4881 videtur

447 4927 758 4975 senatorum
808 4919 1090 4987 collegium
1138 4922 1420 4993 (siquidem
1473 4922 1696 4991 euthyni
1745 4932 1903 4980 erant
1950 4928 2260 4999 senatores),
2316 4926 2461 4995 quod
2508 4926 2772 4996 singulari
2820 4931 3055 4995 quadam
3104 4936 3370 4996 potestate
3420 4934 3637 4983 auctum
3683 4938 3817 4997 erat,
3866 4936 3920 4983 et
3953 4930 4129 4999 ipsum

448 5024 613 5094 ἀρχὴν
661 5020 950 5091 appellari,
999 5026 1314 5089 praesertim
1362 5040 1483 5078 cum
1531 5026 1618 5077 vix
1662 5023 1730 5081 de
1777 5034 1969 5082 senatu
2015 5030 2260 5083 universo
2309 5030 2456 5083 hanc
2490 5046 2671 5085 vocem
2720 5046 2983 5098 usurpare
3028 5047 3251 5100 prorsus
3286 5048 3595 5100 perversum
3634 5032 3717 5086 sit.
3792 5032 3930 5087 Vide
3967 5048 4129 5100 quam

449 5124 767 5179 Aristoteles
813 5122 956 5195 (Πολ.
995 5126 1095 5181 Ἀθ.
1132 5130 1353 5197 43-62)
1405 5128 1733 5197 conjunctim
1783 5146 1904 5185 cum
1955 5132 2148 5186 ceteris
2195 5133 2603 5200 magistratibus
2658 5132 2888 5186 disserat
2941 5132 3007 5186 de
3041 5141 3241 5203 ,senatu
3296 5136 3375 5203 (ut
3428 5150 3606 5203 pauca
3660 5135 3979 5189 afferamus:
4035 5138 4127 5189 47:

448 5232 715 5281 συνδιοικει·
747 5230 808 5283 δὲ
842 5230 926 5282 καὶ
962 5232 1074 5288 ταῖς
1108 5228 1291 5297 ᾅλλαις
1323 5234 1518 5303 ἀρχαῖς
1550 5233 1613 5285 τὰ
1647 5234 1876 5295 πλεῖστα,
1914 5241 1968 5288 et
2007 5234 2179 5301 magis
2215 5236 2379 5290 etiam
2414 5237 2697 5306 perspicue
2734 5238 2797 5288 62
2830 5242 2935 5290 ext.
2973 5234 3151 5306 ἄρχειν
3188 5238 3248 5289 δὲ
3284 5238 3378 5296 τὰς
3406 5238 3502 5300 μὲν
3537 5238 3667 5289 κατὰ
3702 5238 3923 5302 πόλεμον
3960 5240 4133 5308 ἀρχὰς

447 5328 616 5388 ἔξεστι
649 5332 928 5395 πλεονάκις,
963 5338 1064 5385 τῶν
1099 5333 1148 5384 δ’
1187 5332 1356 5387 ἄλλων
1391 5337 1652 5401 οὐδεμίαν,
1689 5336 1814 5405 πλὴν
1848 5336 2140 5403 βουλεῦσαι
2174 5340 2289 5408 δίς).
