4676 5806
2075 349 2084 354 ·
2169 325 2208 386 9

357 554 518 622 male
559 551 918 618 intellectis
1000 549 1097 615 Ibi
1142 549 1306 614 enim
1352 566 1476 614 non
1521 547 1598 612 de
1643 546 2010 628 logistarum
2057 546 2332 628 quodam
2379 545 2587 612 scriba
2632 563 2983 612 sermonem
3029 560 3189 626 esse,
3237 544 3350 610 sed
3396 543 3471 609 de¹
3518 543 3726 609 scriba
3770 548 4028 608 senatus

359 678 522 741 inter
567 689 783 738 omnes
830 674 1099 735 constat.
1191 661 1427 734 Contra
1475 683 1917 749 praeconem
1975 667 2066 732 eis
2119 665 2315 733 fuisse
2366 663 2651 732 Aeschin.
2700 663 2815 745 ΙΙΙ,
2872 665 2973 729 23.
3029 664 3241 744 docet3
3298 663 3376 727 de
3432 681 3506 728 eo
3551 667 3774 745 postea
3817 662 4028 728 dicen-

358 797 506 859 dum
553 791 696 858 erit.

669 911 840 988 Quae
893 910 957 974 in
1011 909 1374 973 universum
1419 907 1789 989 logistarum
1836 905 2028 972 fuerit
2067 905 2407 989 provincia,
2464 923 2681 972 eorum
2727 905 2975 971 nomine
3020 905 3351 971 indicatur.
3443 903 3875 970 Calculatores
3920 921 4031 969 eos

360 1049 521 1110 esse,
578 1029 683 1110 qui
739 1029 815 1093 de
867 1029 960 1093 eis
1016 1027 1422 1109 scripserunt,
1481 1026 1600 1090 viri
1653 1027 1825 1092 docti
1879 1045 2220 1108 numquam
2276 1026 2559 1093 oblivisci
2604 1023 2936 1091 debebant.
3026 1023 3205 1090 Licet
3246 1025 3442 1107 igitur
3484 1029 3767 1089 statuere
3813 1041 4029 1088 omnes

363 1149 772 1230 magistratus
811 1147 1026 1214 statim
1065 1153 1210 1229 post
1255 1165 1516 1211 munera
1561 1146 1850 1228 deposita
1895 1152 2222 1212 accuratas
2266 1151 2563 1230 acceptae
2608 1152 2675 1213 et
2716 1163 3026 1228 expensae
3071 1146 3373 1226 pecuniae
3416 1145 3705 1227 publicae
3749 1145 4027 1210 rationes

367 1271 490 1335 illis
549 1269 905 1334 tradidisse.
995 1267 1130 1332 Hoc
1189 1267 1356 1332 intra
1415 1272 1658 1332 certum
1712 1267 2016 1349 temporis
2074 1266 2352 1349 spatium
2410 1265 2547 1331 fieri
2603 1264 2899 1331 debuisse
2956 1263 3032 1331 G.
3089 1264 3314 1330 Busolt
3375 1263 3441 1348 (1.
3504 1265 3545 1330 1.
3608 1263 3756 1346 226)
3819 1269 4035 1329 censet

366 1394 729 1470 comparato
773 1387 1050 1452 Pollucis
1094 1387 1365 1468 quodam
1411 1386 1568 1452 1060.
1589 1387 1610 1428 ¹
1695 1387 1870 1451 Haec
1914 1391 2129 1452 tamen
2174 1384 2369 1451 verba
2411 1383 2598 1468 plane
2644 1385 2767 1451 alio
2810 1383 3069 1450 consilio
3116 1383 3410 1450 videntur
3454 1384 3709 1466 scripta.
3790 1384 4036 1448 Docent

362 1511 528 1575 enim
579 1509 720 1588 lege
780 1505 1164 1587 prohibitum
1219 1524 1380 1585 esse,
1436 1525 1514 1572 ne
1567 1505 1711 1588 quis
1758 1505 2170 1587 magistratus
2213 1511 2363 1588 post
2408 1511 2657 1588 tempus
2702 1505 2891 1570 certis
2936 1502 3221 1570 terminis
3268 1502 3591 1570 definitum
3639 1505 3717 1568 de
3760 1504 3952 1568 rebus
3998 1521 4035 1567 a

365 1649 434 1695 se
480 1647 692 1694 mune1
707 1628 761 1692 is
805 1646 966 1692 anno
1008 1627 1204 1708 gestis
1250 1632 1688 1708 accusaretur3
1747 1626 1918 1707 quod
1960 1626 2216 1709 quidem
2259 1625 2416 1691 mihi
2459 1625 2712 1690 videtur
2754 1630 2857 1691 sat
2900 1623 3242 1708 probabile.
3331 1624 3405 1688 In
3448 1624 3589 1705 ipsa
3633 1641 3701 1689 re
3745 1641 3896 1688 vero
3940 1622 4037 1687 vir

367 1750 590 1813 doctus
627 1765 745 1812 non
783 1747 1039 1812 erravit.
1113 1745 1262 1810 Fuit
1297 1745 1580 1828 profecto
1617 1751 1868 1828 tempus
1913 1747 2206 1813 omnibus
2250 1746 2545 1829 eutbynis
2590 1745 3007 1828 dijudicandis
3052 1748 3383 1826 statutum,
3432 1761 3558 1826 quo
3601 1744 3711 1827 qui
3756 1743 4035 1808 rationes

368 1887 488 1932 non
553 1866 1000 1947 reddidissent,
1067 1865 1158 1932 eis
1219 1864 1454 1947 α’λογὶου
1520 1863 1652 1951 δίκη
1708 1867 2129 1947 exspectanda
2169 1864 2342 1951 [erat.
2432 1867 2517 1931 Et
2558 1865 2741 1931 facile
2802 1866 3131 1932 credemus
3182 1863 3738 1948 Harpocrationi,²
3798 1865 4035 1945 primos

371 1987 627 2068 triginta
685 1985 958 2050 ineuntis
1018 1985 1163 2050 anni
1223 1986 1356 2050 dies
1415 1986 1559 2050 huic
1616 1986 1708 2050 rei
1766 1985 2116 2052 destinatos
2178 1985 2393 2053 fuisse.
2483 1985 2648 2053 Nam
2693 1987 2815 2052 etsi
2858 2005 3076 2052 verum
3123 1987 3224 2068 sit,
3272 1985 3834 2066 Harpocrationem
3880 1984 4036 2049 haec

367 2125 619 2190 quoque
665 2124 741 2170 ex
783 2105 1089 2187 scriptore
1134 2111 1362 2187 quarto
1406 2106 1659 2172 saeculo
1704 2107 2060 2189 antiquiore
2118 2106 2428 2190 hausisse,
2491 2112 2700 2173 tamen
2747 2108 2849 2172 vix
2908 2107 3165 2174 dubium
3212 2107 3520 2188 videatur,
3580 2106 3730 2188 quin
3778 2105 3928 2170 nihil
3974 2105 4038 2169 in

367 2227 488 2290 hac
532 2243 602 2290 re
647 2224 1102 2307 posterioribus
1147 2225 1539 2307 temporibus
1586 2231 1900 2290 mutatum
1947 2227 2047 2294 sit.

673 2344 1095 2410 Tradideruut
1131 2345 1264 2410 sine
1303 2345 1494 2411 dubio
1539 2345 1948 2428 magistratus
1992 2347 2238 2430 legistis
2283 2347 2564 2414 rationes
2612 2346 2860 2413 tabellis
2906 2347 3321 2431 conscriptas3
3369 2346 3479 2430 qui
3520 2365 3665 2413 vero
3710 2345 4038 2428 pecuniam

370 2465 684 2547 publicam
729 2468 1112 2546 acceperunt
1153 2463 1407 2546 nullam,
1467 2465 1530 2530 id
1577 2465 1792 2546 ipsum,
1833 2485 1946 2549 per
1988 2466 2240 2533 litteras
2286 2467 2607 2532 declarare
2654 2467 3027 2534 debebant.³
3106 2468 3389 2532 Primum
3432 2467 3625 2549 igitur
3664 2466 4037 2548 logistarum

367 2583 644 2650 officium
707 2589 875 2664 erat,
941 2589 1014 2650 ut
1075 2601 1353 2650 summas
1419 2585 1507 2650 ibi
1571 2585 1903 2651 denotatas
1971 2587 2415 2666 computarent
2476 2592 2543 2653 et
2602 2588 3053 2654 examinarent.
3152 2587 3287 2652 Hoc
3350 2593 3561 2653 utrum
3626 2585 4043 2652 communiter

367 2703 633 2769 fecerint
691 2723 770 2768 an
825 2703 1094 2786 negotiis
1151 2705 1317 2770 inter
1376 2705 1658 2786 singulos
1703 2705 1975 2787 partitis,
2037 2705 2114 2770 de
2168 2725 2244 2772 ea
2288 2724 2359 2772 re
2402 2705 2556 2771 nihil
2601 2708 2757 2772 certi
2802 2707 3094 2773 traditur.
3184 2706 3307 2772 Sed
3352 2713 3692 2789 antequam
3738 2706 3919 2788 plura
3962 2707 4041 2770 de

370 2824 616 2907 logistis
663 2825 1066 2907 disseramus,
1115 2825 1548 2907 quaestionem
1596 2825 1674 2890 de
1719 2843 2172 2908 syuegororum
2220 2825 2442 2893 officiis
2488 2827 2895 2893 instituamus
2939 2845 3195 2893 necesse
3240 2834 3357 2894 est.

678 2946 1103 3028 Synegoros
1170 2946 1362 3011 denos
1427 2951 1598 3010 sorte
1665 2947 1744 3011 ab
1804 2946 2294 3014 Atheniensibus
2372 2954 2619 3014 creatos
2684 2968 2827 3015 esse
2894 2949 3246 3032 complures
3308 2948 3862 3031 grammaticorum
3923 2947 4043 3013 loci

372 3067 738 3133 docuerunt.
853 3065 1136 3131 Primum
1197 3066 1262 3129 in
1322 3064 1440 3129 lex.
1507 3064 1766 3146 Seguer.
1825 3066 1896 3131 V.
1963 3066 2189 3147 (Bekk.
2249 3068 2300 3150 1,
2367 3068 2537 3149 301),
2600 3069 2772 3150 quod
2847 3068 3077 3133 veteris
3152 3066 3473 3133 doctrinae
3547 3066 3847 3149 reliquias
3920 3086 4042 3131 non

372 3187 758 3266 spernendas
813 3191 1042 3266 servat,
1099 3186 1255 3251 haec
1309 3185 1629 3266 leguntur:
1689 3186 2022 3271 συνήγοροι·
2077 3184 2372 3275 ἄρχοντες
2418 3186 2568 3273 ἦσαν
2620 3188 2927 3273 κληρωτοί,
2978 3186 3035 3250 οἳ
3078 3185 3194 3258 τοῖς
3230 3188 3523 3269 λογισταῖς
3561 3186 3857 3275 ἐβοήθουν
3901 3188 4053 3272 πρὸς

377 3304 481 3373 τὰς
512 3303 766 3373 εὐθύνας
809 3308 920 3366 τῶν
956 3304 1266 3387 ἀρξάντων
1302 3304 1426 3367 τινὰ
1464 3304 1678 3392 ἀρχήν.
1753 3306 1928 3371 Haec
1972 3323 2050 3371 ex
2081 3306 2426 3372 Aristotele
2471 3306 2701 3373 hausta
2744 3324 2883 3373 essc
2932 3304 3098 3391 (Πολ.
3133 3308 3242 3375 Ἀθ.
3290 3326 3341 3373 6.
3376 3306 3485 3389 54)
3530 3325 3694 3373 1111116
3738 3308 4041 3384 videmus

377 3424 566 3505 idque
615 3422 1018 3488 confirmatur
1054 3442 1092 3487 a
1136 3423 1324 3491 schol.
1359 3424 1680 3506 Aristoph.
1729 3425 1810 3489 ad
1841 3426 2030 3508 Vesp.
2064 3430 2221 3492 691:
2276 3426 2617 3513 κληρωτοὺς
2645 3426 2715 3491 δὲ
2754 3425 3101 3511 γενομένους
3132 3426 3277 3489 δέκα
3314 3426 3674 3512 commum<
3702 3427 3813 3511 Ἀρ.
3853 3426 4045 3512 φησίν.

377 3544 539 3609 Mira
597 3562 748 3609 sane
810 3542 983 3607 tertii
1045 3543 1372 3626 eujusdam
1429 3544 1550 3609 loci
1611 3543 1892 3609 condicio
1952 3552 2069 3611 est.
2159 3546 2322 3612 Nam
2382 3566 2525 3613 cum
2584 3548 2648 3612 in
2692 3548 2840 3614 Lex,
2891 3545 3250 3627 Cantabrig.
3298 3546 3495 3613 Bekk.
3543 3549 3684 3611 672.
3739 3547 4045 3628 scriptum

375 3671 572 3730 esset:
647 3664 906 3747 λογισταὶ
978 3664 1076 3725 καὶ
1149 3663 1480 3751 συνήγοροι·
1546 3664 1752 3749 ’Apro-n
1825 3662 1888 3727 ἐν
1949 3666 2018 3752 τῇ
2079 3665 2393 3752 Ἀθηναίων
2455 3664 2715 3752 πολιτείᾳ
2788 3662 2941 3729 οὕτω
3008 3664 3185 3747 λέγει·
3256 3665 3513 3747 λογισταὶ
3574 3665 3643 3729 δὲ
3704 3665 4049 3751 κληροῦνται

381 3783 729 3853 (Kaibelius
782 3783 822 3847 l.
877 3782 916 3849 1.
973 3802 1089 3866 pro
1143 3784 1472 3868 αἱροῦνται)
1529 3782 1696 3865 δέκα,
1751 3785 1892 3868 παρ’
1951 3782 2036 3853 οἷς
2085 3784 2549 3867 διαλογίζονται·1
2610 3784 2795 3849 πᾶσαι
2853 3787 2916 3848 αξ
2974 3785 3164 3873 ἀρχαὶ
3222 3787 3299 3848 τά
3353 3808 3415 3849 τε
3466 3786 3743 3873 λήμματα
3796 3788 3895 3849 καὶ
3950 3787 4059 3856 τὰς

379 3900 777 3986 γεγενημένας
808 3900 1090 3971 δαπάνας·
1128 3902 1227 3965 καὶ
1272 3900 1431 3964 ἄλλοι
1476 3899 1622 3965 δέκα
1665 3904 2002 3989 συνήγοροι,
2049 3902 2253 3974 οἵτινες
2292 3904 2777 3991 συνανακρίνουσι
2819 3904 3040 3973 τούτοις
3078 3927 3131 3973 κ.
3172 3927 3217 3969 τ.
3258 3905 3325 3979 Z„
3379 3905 3521 3993 jure
3566 3923 3681 3971 suo
3720 3905 3837 3970 viri
3882 3905 4046 3970 docti

378 4022 894 4088 existimaverant
935 4020 1052 4086 hoc
1096 4023 1236 4087 loco
1279 4022 1481 4102 ipsius
1528 4021 1883 4105 philosophi
1919 4024 2114 4089 verba
2156 4024 2447 4106 quamvis
2485 4024 2672 4090 valde
2719 4026 3067 4108 depravata
3110 4024 3379 4107 servari;
3426 4000 3593 4090 nunc¹
3636 4044 3705 4091 se
3749 4027 4049 4107 deceptos

381 4161 517 4206 esse
581 4144 1054 4222 perspexerunt.
1165 4142 1460 4207 Attamen
1521 4148 1690 4207 recte
1735 4142 1798 4207 in
1861 4143 2226 4209 universum
2288 4145 2649 4211 Kaibelium
2709 4145 2750 4211 l.
2814 4145 2854 4211 l.
2921 4144 3344 4227 disputavisse
3406 4145 3697 4228 arbitror,
3762 4146 3868 4227 qui
3928 4165 4050 4211 uon

385 4260 667 4325 consulto
725 4259 881 4325 haec
948 4278 986 4323 a
1041 4258 1294 4326 falsario
1351 4258 1500 4327 ficta
1569 4262 2020 4344 Aristotelique
2091 4265 2404 4331 attributa
2469 4283 2609 4331 esse
2680 4263 2953 4346 censuit,
3032 4263 3141 4330 sed
3211 4263 3413 4345 magis
3480 4266 3803 4348 magisque
3860 4268 4053 4333 verba

381 4379 656 4461 genuina
696 4379 1033 4444 immutata
1079 4396 1234 4445 esse.
1323 4381 1488 4447 Utut
1532 4380 1696 4447 enim
1742 4400 1905 4463 quae
1949 4384 2050 4449 hic
2095 4384 2395 4467 leguntur
2440 4386 2634 4452 verba
2678 4386 2759 4452 ab
2805 4383 3229 4451 Aristotelicis
3273 4368 3477 4450 aliena
3522 4391 3687 4466 sunt,
3740 4387 3817 4451 de
3862 4388 4051 4451 rebus

381 4500 537 4581 ipsis
581 4497 859 4563 dubitari
901 4516 1026 4563 non
1071 4504 1302 4581 potest,
1351 4501 1499 4581 quin
1544 4500 1674 4565 fere
1722 4504 2118 4569 consentiant
2161 4524 2306 4571 cum
2352 4506 2463 4589 eis,
2514 4524 2677 4588 quae
2722 4506 2802 4571 ab
2846 4505 2953 4570 illo
2999 4505 3358 4572 traduntur.

689 4673 704 4704 1
743 4637 891 4737 VilI,
927 4676 1017 4724 452
1055 4670 1086 4739 ἡ
1125 4670 1173 4721 δ’
1209 4666 1401 4721 εὔθυνα
1437 4671 1624 4741 χρόνον
1659 4670 1798 4741 εἶχεν
1833 4673 2133 4741 ιῗιριιηιένον,
2165 4676 2293 4737 μεθ’
2330 4676 2385 4726 ὃν
2423 4675 2591 4728 οὐκέτ’
2630 4676 2750 4745 ἐξῆν
2786 4674 3033 4743 ἐγκαλεῖν.

691 4774 710 4807 ²
745 4788 796 4840 p.
841 4774 957 4826 121:
1007 4773 1076 4841 (οἱ
1111 4772 1362 4841 λογισταὶ)
1409 4774 1502 4833 τὰς·
1543 4774 1766 4833 εὐθύνας·
1807 4782 1905 4828 τῶν
1951 4778 2275 4846 διῳκημένων
2323 4778 2667 4847 ἐκλογέζονται
2712 4781 2763 4831 ἐν
2807 4780 3029 4849 ἡμέραις
3072 4776 3131 4843 λ’,
3178 4781 3300 4831 ὅταν
3334 4780 3426 4839 τὰς·
3470 4780 3642 4849 ἀρχὰς
3674 4780 3971 4832 ἀποθῶνται
4008 4780 4056 4833 οἷ

383 4872 650 4943 ἄρχοντες.
721 4874 802 4927 De
842 4881 1192 4931 cosmetarum
1231 4875 1480 4943 euthynis
1517 4878 1582 4930 cf.
1621 4878 1839 4947 Lipsius
1876 4884 1986 4934 Att.
2025 4879 2184 4935 Proc.
2219 4884 2336 4947 261,
2376 4898 2425 4937 n.
2468 4884 2579 4936 163.

691 4976 712 5009 ³
746 4977 995 5031 Aeschin.
1033 4978 1132 5047 III,
1169 4982 1258 5033 22:
1308 4980 1390 5031 καὶ
1435 4986 1544 5039 πῶς·
1586 4982 1616 5031 ὅ
1657 5000 1720 5051 γε
1764 4985 1930 5052 μηδὲν
1975 4984 2160 5051 λαβὼν
2203 4985 2330 5053 μηδ’
2380 4984 2657 5043 ἀναλώσας
2699 4986 2897 5037 ἀποίσει
2941 4984 3097 5054 λόγον
3144 4986 3206 5057 τῇ
3248 4986 3413 5055 πόλει;
3462 4986 3620 5045 αὐτὸς
3652 4986 3937 5053 ὑποβάλλει
3974 4988 4055 5038 καὶ

387 5078 611 5130 διδάσκει
647 5078 676 5127 ὖ
699 5078 868 5142 νόμος,
903 5080 936 5131 ἃ
974 5082 1078 5151 χρὴ
1113 5084 1345 5151 γράφειν·
1380 5084 1576 5137 κελεύει
1610 5086 1712 5155 γὰρ
1747 5086 1874 5139 αὐτὸ
1909 5091 2061 5139 τοῦτο
2097 5086 2379 5155 ἐγγράφειν
2416 5088 2493 5139 ὅτι
2533 5084 2669 5149 ,οὔτ’
2704 5086 2901 5147 ἔλαβον
2937 5086 3089 5138 οὐδὲν
3125 5091 3223 5138 τῶν
3259 5092 3351 5155 τῆς·
3384 5087 3585 5146 πόλεως
3618 5084 3725 5139 οὔτ’
3762 5087 4053 5157 ἀνήλωσα“.

691 5181 710 5215 ⁴
751 5180 868 5237 Hoc
903 5184 1120 5237 verbum
1171 5184 1304 5240 nihil
1353 5186 1502 5241 aliud
1547 5186 1852 5255 significare
1896 5189 1998 5242 nisi
2047 5188 2260 5257 accepti
2309 5188 2637 5257 expensique
2674 5190 2935 5244 rationem
2972 5188 3251 5243 instituere
3288 5205 3393 5243 non
3431 5188 3760 5258 adnotarem,
3808 5189 3912 5242 nisi
3948 5190 4057 5243 alia

389 5280 656 5337 videretur
691 5298 804 5338 esse
845 5284 1098 5340 Schoellii
1136 5291 1398 5343 sententia
1435 5289 1453 5342 l
1504 5288 1538 5343 l.
1577 5306 1628 5357 p.
1667 5292 1746 5343 27.

3638 5380 3670 5429 ‚3
